Execution Time;Execution Time UTC;ISIN;Publication Time;Publication Time UTC;CCY;Venue of execution (MIC Code);Venue of publication (MIC Code);Price notation;Transaction to be cleared;MMT Flags;Transaction ID Code;Price;Volume;Buyer;Seller;Trade type
2024-02-23 17:18:01;2024-02-23T16:18:01.530000Z;SE0015961909;2024-02-23 17:18:01;2024-02-23T16:18:01.530000Z;SEK;XSTO;XSTO;MONE;false;12-------PH---;000872983;121.450;6;;;
2024-02-23 17:17:52;2024-02-23T16:17:52.133000Z;SE0015961909;2024-02-23 17:17:52;2024-02-23T16:17:52.133000Z;SEK;DSTO;XSTO;MONE;false;32D---S--PH---;000872636;121.420;5455;;;Nordic@Mid trade
2024-02-23 17:17:33;2024-02-23T16:17:33.483000Z;SE0015961909;2024-02-23 17:17:33;2024-02-23T16:17:33.483000Z;SEK;XSTO;XSTO;MONE;false;12-------PH---;000872060;121.400;4;;;
2024-02-23 17:16:23;2024-02-23T16:16:23.243000Z;SE0015961909;2024-02-23 17:16:23;2024-02-23T16:16:23.243000Z;SEK;XSTO;XSTO;MONE;false;12-------P----;000869855;121.400;268;;;
2024-02-23 17:16:13;2024-02-23T16:16:13.720000Z;SE0015961909;2024-02-23 17:16:13;2024-02-23T16:16:13.720000Z;SEK;XSTO;XSTO;MONE;false;12-------PH---;000869588;121.400;200;;;
2024-02-23 17:16:07;2024-02-23T16:16:07.570000Z;SE0015961909;2024-02-23 17:16:07;2024-02-23T16:16:07.570000Z;SEK;XSTO;XSTO;MONE;false;12-------PH---;000869248;121.450;270;;;
2024-02-23 17:16:07;2024-02-23T16:16:07.553000Z;SE0015961909;2024-02-23 17:16:07;2024-02-23T16:16:07.553000Z;SEK;XSTO;XSTO;MONE;false;12-------PH---;000869234;121.450;2634;;;
2024-02-23 17:16:07;2024-02-23T16:16:07.553000Z;SE0015961909;2024-02-23 17:16:07;2024-02-23T16:16:07.553000Z;SEK;XSTO;XSTO;MONE;false;12-------PH---;000869233;121.450;405;;;
2024-02-23 17:16:07;2024-02-23T16:16:07.553000Z;SE0015961909;2024-02-23 17:16:07;2024-02-23T16:16:07.553000Z;SEK;XSTO;XSTO;MONE;false;12-------PH---;000869232;121.450;803;;;
2024-02-23 17:16:07;2024-02-23T16:16:07.553000Z;SE0015961909;2024-02-23 17:16:07;2024-02-23T16:16:07.553000Z;SEK;XSTO;XSTO;MONE;false;12-------PH---;000869231;121.450;1580;;;
2024-02-23 17:16:07;2024-02-23T16:16:07.553000Z;SE0015961909;2024-02-23 17:16:07;2024-02-23T16:16:07.553000Z;SEK;XSTO;XSTO;MONE;false;12-------PH---;000869221;121.450;110;;;
2024-02-23 17:16:07;2024-02-23T16:16:07.553000Z;SE0015961909;2024-02-23 17:16:07;2024-02-23T16:16:07.553000Z;SEK;XSTO;XSTO;MONE;false;12-------PH---;000869217;121.450;244;;;
2024-02-23 17:16:07;2024-02-23T16:16:07.553000Z;SE0015961909;2024-02-23 17:16:07;2024-02-23T16:16:07.553000Z;SEK;XSTO;XSTO;MONE;false;12-------PH---;000869216;121.450;796;;;
2024-02-23 17:15:35;2024-02-23T16:15:35.993000Z;SE0015961909;2024-02-23 17:15:35;2024-02-23T16:15:35.993000Z;SEK;XSTO;XSTO;MONE;false;12-------PH---;000868158;121.400;695;;;
2024-02-23 17:15:35;2024-02-23T16:15:35.993000Z;SE0015961909;2024-02-23 17:15:35;2024-02-23T16:15:35.993000Z;SEK;XSTO;XSTO;MONE;false;12-------PH---;000868157;121.400;5;;;
2024-02-23 17:15:20;2024-02-23T16:15:20.850000Z;SE0015961909;2024-02-23 17:15:20;2024-02-23T16:15:20.850000Z;SEK;XSTO;XSTO;MONE;false;12-------P----;000867611;121.400;761;;;
2024-02-23 17:15:20;2024-02-23T16:15:20.420000Z;SE0015961909;2024-02-23 17:15:20;2024-02-23T16:15:20.420000Z;SEK;XSTO;XSTO;MONE;false;12-------PH---;000867605;121.400;270;;;
2024-02-23 17:15:20;2024-02-23T16:15:20.400000Z;SE0015961909;2024-02-23 17:15:20;2024-02-23T16:15:20.400000Z;SEK;XSTO;XSTO;MONE;false;12-------PH---;000867604;121.400;912;;;
2024-02-23 17:15:20;2024-02-23T16:15:20.400000Z;SE0015961909;2024-02-23 17:15:20;2024-02-23T16:15:20.400000Z;SEK;XSTO;XSTO;MONE;false;12-------PH---;000867603;121.400;425;;;
2024-02-23 17:15:20;2024-02-23T16:15:20.400000Z;SE0015961909;2024-02-23 17:15:20;2024-02-23T16:15:20.400000Z;SEK;XSTO;XSTO;MONE;false;12-------PH---;000867602;121.400;938;;;
2024-02-23 17:15:20;2024-02-23T16:15:20.400000Z;SE0015961909;2024-02-23 17:15:20;2024-02-23T16:15:20.400000Z;SEK;XSTO;XSTO;MONE;false;12-------PH---;000867601;121.400;770;;;
2024-02-23 17:15:20;2024-02-23T16:15:20.400000Z;SE0015961909;2024-02-23 17:15:20;2024-02-23T16:15:20.400000Z;SEK;XSTO;XSTO;MONE;false;12-------PH---;000867600;121.400;1015;;;
2024-02-23 17:15:20;2024-02-23T16:15:20.400000Z;SE0015961909;2024-02-23 17:15:20;2024-02-23T16:15:20.400000Z;SEK;XSTO;XSTO;MONE;false;12-------PH---;000867599;121.400;579;;;
2024-02-23 17:15:20;2024-02-23T16:15:20.400000Z;SE0015961909;2024-02-23 17:15:20;2024-02-23T16:15:20.400000Z;SEK;XSTO;XSTO;MONE;false;12-------PH---;000867598;121.400;897;;;
2024-02-23 17:15:20;2024-02-23T16:15:20.400000Z;SE0015961909;2024-02-23 17:15:20;2024-02-23T16:15:20.400000Z;SEK;XSTO;XSTO;MONE;false;12-------PH---;000867597;121.400;270;;;
2024-02-23 17:15:20;2024-02-23T16:15:20.400000Z;SE0015961909;2024-02-23 17:15:20;2024-02-23T16:15:20.400000Z;SEK;DSTO;XSTO;MONE;false;32D---S--PH---;000867596;121.380;6039;;;Nordic@Mid trade
2024-02-23 17:14:15;2024-02-23T16:14:15.120000Z;SE0015961909;2024-02-23 17:14:15;2024-02-23T16:14:15.120000Z;SEK;XSTO;XSTO;MONE;false;12-------PH---;000865433;121.350;877;;;
2024-02-23 17:14:15;2024-02-23T16:14:15.120000Z;SE0015961909;2024-02-23 17:14:15;2024-02-23T16:14:15.120000Z;SEK;XSTO;XSTO;MONE;false;12-------PH---;000865432;121.350;889;;;
2024-02-23 17:14:15;2024-02-23T16:14:15.120000Z;SE0015961909;2024-02-23 17:14:15;2024-02-23T16:14:15.120000Z;SEK;XSTO;XSTO;MONE;false;12-------PH---;000865431;121.350;39;;;
2024-02-23 17:14:15;2024-02-23T16:14:15.120000Z;SE0015961909;2024-02-23 17:14:15;2024-02-23T16:14:15.120000Z;SEK;XSTO;XSTO;MONE;false;12-------PH---;000865430;121.350;1;;;
2024-02-23 17:14:15;2024-02-23T16:14:15.120000Z;SE0015961909;2024-02-23 17:14:15;2024-02-23T16:14:15.120000Z;SEK;XSTO;XSTO;MONE;false;12-------P----;000865429;121.350;1000;;;
2024-02-23 17:13:40;2024-02-23T16:13:40.480000Z;SE0015961909;2024-02-23 17:13:40;2024-02-23T16:13:40.480000Z;SEK;XSTO;XSTO;MONE;false;12-------P----;000864510;121.350;380;;;
2024-02-23 17:13:36;2024-02-23T16:13:36.083000Z;SE0015961909;2024-02-23 17:13:36;2024-02-23T16:13:36.083000Z;SEK;XSTO;XSTO;MONE;false;12-------PH---;000864381;121.350;553;;;
2024-02-23 17:13:36;2024-02-23T16:13:36.083000Z;SE0015961909;2024-02-23 17:13:36;2024-02-23T16:13:36.083000Z;SEK;XSTO;XSTO;MONE;false;12-------P----;000864380;121.350;9;;;
2024-02-23 17:13:35;2024-02-23T16:13:35.077000Z;SE0015961909;2024-02-23 17:13:35;2024-02-23T16:13:35.077000Z;SEK;XSTO;XSTO;MONE;false;12-------P----;000864336;121.350;80;;;
2024-02-23 17:13:35;2024-02-23T16:13:35.030000Z;SE0015961909;2024-02-23 17:13:35;2024-02-23T16:13:35.030000Z;SEK;XSTO;XSTO;MONE;false;12-------PH---;000864327;121.350;142;;;
2024-02-23 17:13:35;2024-02-23T16:13:35.030000Z;SE0015961909;2024-02-23 17:13:35;2024-02-23T16:13:35.030000Z;SEK;XSTO;XSTO;MONE;false;12-------PH---;000864326;121.350;310;;;
2024-02-23 17:13:35;2024-02-23T16:13:35.030000Z;SE0015961909;2024-02-23 17:13:35;2024-02-23T16:13:35.030000Z;SEK;XSTO;XSTO;MONE;false;12-------PH---;000864325;121.350;24;;;
2024-02-23 17:13:35;2024-02-23T16:13:35.030000Z;SE0015961909;2024-02-23 17:13:35;2024-02-23T16:13:35.030000Z;SEK;XSTO;XSTO;MONE;false;12-------PH---;000864324;121.350;468;;;
2024-02-23 17:13:35;2024-02-23T16:13:35.030000Z;SE0015961909;2024-02-23 17:13:35;2024-02-23T16:13:35.030000Z;SEK;XSTO;XSTO;MONE;false;12-------PH---;000864323;121.350;270;;;
2024-02-23 17:13:35;2024-02-23T16:13:35.030000Z;SE0015961909;2024-02-23 17:13:35;2024-02-23T16:13:35.030000Z;SEK;XSTO;XSTO;MONE;false;12-------PH---;000864322;121.350;378;;;
2024-02-23 17:12:58;2024-02-23T16:12:58.833000Z;SE0015961909;2024-02-23 17:12:58;2024-02-23T16:12:58.833000Z;SEK;XSTO;XSTO;MONE;false;12-------PH---;000863127;121.400;107;;;
2024-02-23 17:12:58;2024-02-23T16:12:58.833000Z;SE0015961909;2024-02-23 17:12:58;2024-02-23T16:12:58.833000Z;SEK;XSTO;XSTO;MONE;false;12-------PH---;000863126;121.400;305;;;
2024-02-23 17:12:58;2024-02-23T16:12:58.833000Z;SE0015961909;2024-02-23 17:12:58;2024-02-23T16:12:58.833000Z;SEK;XSTO;XSTO;MONE;false;12-------PH---;000863125;121.400;135;;;
2024-02-23 17:12:58;2024-02-23T16:12:58.833000Z;SE0015961909;2024-02-23 17:12:58;2024-02-23T16:12:58.833000Z;SEK;XSTO;XSTO;MONE;false;12-------PH---;000863112;121.400;110;;;
2024-02-23 17:12:58;2024-02-23T16:12:58.740000Z;SE0015961909;2024-02-23 17:12:58;2024-02-23T16:12:58.740000Z;SEK;XSTO;XSTO;MONE;false;12-------PH---;000863043;121.400;110;;;
2024-02-23 17:12:58;2024-02-23T16:12:58.737000Z;SE0015961909;2024-02-23 17:12:58;2024-02-23T16:12:58.737000Z;SEK;XSTO;XSTO;MONE;false;12-------PH---;000863028;121.400;330;;;
2024-02-23 17:12:54;2024-02-23T16:12:54.423000Z;SE0015961909;2024-02-23 17:12:54;2024-02-23T16:12:54.423000Z;SEK;XSTO;XSTO;MONE;false;12-------PH---;000862880;121.350;91;;;
2024-02-23 17:12:54;2024-02-23T16:12:54.423000Z;SE0015961909;2024-02-23 17:12:54;2024-02-23T16:12:54.423000Z;SEK;XSTO;XSTO;MONE;false;12-------PH---;000862879;121.350;270;;;
2024-02-23 17:12:54;2024-02-23T16:12:54.423000Z;SE0015961909;2024-02-23 17:12:54;2024-02-23T16:12:54.423000Z;SEK;XSTO;XSTO;MONE;false;12-------PH---;000862878;121.350;1;;;
2024-02-23 17:12:53;2024-02-23T16:12:53.007000Z;SE0015961909;2024-02-23 17:12:53;2024-02-23T16:12:53.007000Z;SEK;XSTO;XSTO;MONE;false;12-------PH---;000862855;121.400;5;;;
2024-02-23 17:12:36;2024-02-23T16:12:36.000000Z;SE0015961909;2024-02-23 17:12:36;2024-02-23T16:12:36.000000Z;SEK;XSTO;XSTO;MONE;false;12-------PH---;000862375;121.400;10;;;
2024-02-23 17:12:31;2024-02-23T16:12:31.997000Z;SE0015961909;2024-02-23 17:12:31;2024-02-23T16:12:31.997000Z;SEK;XSTO;XSTO;MONE;false;45-3-----PH---;F050230910;121.400;5;;;Standard Routed Trade
2024-02-23 17:12:18;2024-02-23T16:12:18.810000Z;SE0015961909;2024-02-23 17:12:18;2024-02-23T16:12:18.810000Z;SEK;XSTO;XSTO;MONE;false;45-3-----PH---;F050230810;121.400;433;;;Standard Routed Trade
2024-02-23 17:12:18;2024-02-23T16:12:18.790000Z;SE0015961909;2024-02-23 17:12:18;2024-02-23T16:12:18.790000Z;SEK;XSTO;XSTO;MONE;false;12-------PH---;000861933;121.400;826;;;
2024-02-23 17:12:18;2024-02-23T16:12:18.790000Z;SE0015961909;2024-02-23 17:12:18;2024-02-23T16:12:18.790000Z;SEK;XSTO;XSTO;MONE;false;12-------PH---;000861932;121.400;451;;;
2024-02-23 17:12:18;2024-02-23T16:12:18.790000Z;SE0015961909;2024-02-23 17:12:18;2024-02-23T16:12:18.790000Z;SEK;XSTO;XSTO;MONE;false;12-------PH---;000861931;121.400;790;;;
2024-02-23 17:11:57;2024-02-23T16:11:57.893000Z;SE0015961909;2024-02-23 17:11:57;2024-02-23T16:11:57.893000Z;SEK;XSTO;XSTO;MONE;false;12-------P----;000861447;121.400;663;;;
2024-02-23 17:11:57;2024-02-23T16:11:57.047000Z;SE0015961909;2024-02-23 17:11:57;2024-02-23T16:11:57.047000Z;SEK;XSTO;XSTO;MONE;false;12-------P----;000861431;121.400;410;;;
2024-02-23 17:11:56;2024-02-23T16:11:56.990000Z;SE0015961909;2024-02-23 17:11:56;2024-02-23T16:11:56.990000Z;SEK;XSTO;XSTO;MONE;false;12-------PH---;000861430;121.400;1573;;;
2024-02-23 17:11:56;2024-02-23T16:11:56.990000Z;SE0015961909;2024-02-23 17:11:56;2024-02-23T16:11:56.990000Z;SEK;XSTO;XSTO;MONE;false;12-------PH---;000861429;121.400;1252;;;
2024-02-23 17:11:56;2024-02-23T16:11:56.990000Z;SE0015961909;2024-02-23 17:11:56;2024-02-23T16:11:56.990000Z;SEK;XSTO;XSTO;MONE;false;12-------PH---;000861428;121.400;232;;;
2024-02-23 17:11:56;2024-02-23T16:11:56.990000Z;SE0015961909;2024-02-23 17:11:56;2024-02-23T16:11:56.990000Z;SEK;XSTO;XSTO;MONE;false;12-------PH---;000861427;121.400;395;;;
2024-02-23 17:11:56;2024-02-23T16:11:56.990000Z;SE0015961909;2024-02-23 17:11:56;2024-02-23T16:11:56.990000Z;SEK;XSTO;XSTO;MONE;false;12-------PH---;000861426;121.400;270;;;
2024-02-23 17:11:56;2024-02-23T16:11:56.990000Z;SE0015961909;2024-02-23 17:11:56;2024-02-23T16:11:56.990000Z;SEK;XSTO;XSTO;MONE;false;12-------PH---;000861425;121.400;374;;;
2024-02-23 17:11:53;2024-02-23T16:11:53.970000Z;SE0015961909;2024-02-23 17:11:53;2024-02-23T16:11:53.973000Z;SEK;XSTO;XSTO;MONE;false;12-------PH---;000861361;121.450;747;;;
2024-02-23 17:11:53;2024-02-23T16:11:53.970000Z;SE0015961909;2024-02-23 17:11:53;2024-02-23T16:11:53.970000Z;SEK;XSTO;XSTO;MONE;false;12-------PH---;000861360;121.450;1000;;;
2024-02-23 17:11:53;2024-02-23T16:11:53.953000Z;SE0015961909;2024-02-23 17:11:53;2024-02-23T16:11:53.953000Z;SEK;XSTO;XSTO;MONE;false;12-------PH---;000861355;121.450;522;;;
2024-02-23 17:11:53;2024-02-23T16:11:53.953000Z;SE0015961909;2024-02-23 17:11:53;2024-02-23T16:11:53.953000Z;SEK;XSTO;XSTO;MONE;false;12-------PH---;000861354;121.450;1021;;;
2024-02-23 17:11:53;2024-02-23T16:11:53.953000Z;SE0015961909;2024-02-23 17:11:53;2024-02-23T16:11:53.953000Z;SEK;XSTO;XSTO;MONE;false;12-------PH---;000861353;121.450;416;;;
2024-02-23 17:11:53;2024-02-23T16:11:53.953000Z;SE0015961909;2024-02-23 17:11:53;2024-02-23T16:11:53.953000Z;SEK;XSTO;XSTO;MONE;false;12-------PH---;000861352;121.450;999;;;
2024-02-23 17:11:53;2024-02-23T16:11:53.953000Z;SE0015961909;2024-02-23 17:11:53;2024-02-23T16:11:53.953000Z;SEK;XSTO;XSTO;MONE;false;12-------PH---;000861351;121.450;626;;;
2024-02-23 17:11:53;2024-02-23T16:11:53.953000Z;SE0015961909;2024-02-23 17:11:53;2024-02-23T16:11:53.953000Z;SEK;XSTO;XSTO;MONE;false;12-------PH---;000861350;121.450;270;;;
2024-02-23 17:11:53;2024-02-23T16:11:53.953000Z;SE0015961909;2024-02-23 17:11:53;2024-02-23T16:11:53.953000Z;SEK;XSTO;XSTO;MONE;false;12-------PH---;000861349;121.450;585;;;
2024-02-23 17:11:02;2024-02-23T16:11:02.893000Z;SE0015961909;2024-02-23 17:11:02;2024-02-23T16:11:02.893000Z;SEK;MSTO;XSTO;MONE;false;5P-------PH---;000859897;121.400;1107;;;Auction On Demand
2024-02-23 17:11:01;2024-02-23T16:11:01.910000Z;SE0015961909;2024-02-23 17:11:01;2024-02-23T16:11:01.910000Z;SEK;XSTO;XSTO;MONE;false;12-------P----;000859839;121.400;425;;;
2024-02-23 17:11:01;2024-02-23T16:11:01.910000Z;SE0015961909;2024-02-23 17:11:01;2024-02-23T16:11:01.910000Z;SEK;XSTO;XSTO;MONE;false;12-------PH---;000859838;121.400;291;;;
2024-02-23 17:11:01;2024-02-23T16:11:01.910000Z;SE0015961909;2024-02-23 17:11:01;2024-02-23T16:11:01.910000Z;SEK;XSTO;XSTO;MONE;false;12-------P----;000859837;121.400;235;;;
2024-02-23 17:11:01;2024-02-23T16:11:01.910000Z;SE0015961909;2024-02-23 17:11:01;2024-02-23T16:11:01.910000Z;SEK;XSTO;XSTO;MONE;false;12-------PH---;000859836;121.400;270;;;
2024-02-23 17:11:01;2024-02-23T16:11:01.910000Z;SE0015961909;2024-02-23 17:11:01;2024-02-23T16:11:01.910000Z;SEK;XSTO;XSTO;MONE;false;12-------PH---;000859835;121.400;600;;;
2024-02-23 17:10:02;2024-02-23T16:10:02.693000Z;SE0015961909;2024-02-23 17:10:02;2024-02-23T16:10:02.693000Z;SEK;XSTO;XSTO;MONE;false;12-------PH---;000858349;121.400;173;;;
2024-02-23 17:10:02;2024-02-23T16:10:02.693000Z;SE0015961909;2024-02-23 17:10:02;2024-02-23T16:10:02.693000Z;SEK;XSTO;XSTO;MONE;false;12-------PH---;000858347;121.400;801;;;
2024-02-23 17:10:02;2024-02-23T16:10:02.693000Z;SE0015961909;2024-02-23 17:10:02;2024-02-23T16:10:02.693000Z;SEK;XSTO;XSTO;MONE;false;12-------PH---;000858346;121.400;569;;;
2024-02-23 17:10:02;2024-02-23T16:10:02.693000Z;SE0015961909;2024-02-23 17:10:02;2024-02-23T16:10:02.693000Z;SEK;XSTO;XSTO;MONE;false;12-------PH---;000858345;121.400;10;;;
2024-02-23 17:10:02;2024-02-23T16:10:02.693000Z;SE0015961909;2024-02-23 17:10:02;2024-02-23T16:10:02.693000Z;SEK;XSTO;XSTO;MONE;false;12-------PH---;000858344;121.400;442;;;
2024-02-23 17:10:02;2024-02-23T16:10:02.693000Z;SE0015961909;2024-02-23 17:10:02;2024-02-23T16:10:02.693000Z;SEK;XSTO;XSTO;MONE;false;12-------PH---;000858343;121.400;1329;;;
2024-02-23 17:10:02;2024-02-23T16:10:02.693000Z;SE0015961909;2024-02-23 17:10:02;2024-02-23T16:10:02.693000Z;SEK;XSTO;XSTO;MONE;false;12-------PH---;000858342;121.400;270;;;
2024-02-23 17:10:02;2024-02-23T16:10:02.693000Z;SE0015961909;2024-02-23 17:10:02;2024-02-23T16:10:02.693000Z;SEK;XSTO;XSTO;MONE;false;12-------PH---;000858341;121.400;815;;;
2024-02-23 17:10:02;2024-02-23T16:10:02.693000Z;SE0015961909;2024-02-23 17:10:02;2024-02-23T16:10:02.693000Z;SEK;XSTO;XSTO;MONE;false;12-------PH---;000858340;121.400;446;;;
2024-02-23 17:10:02;2024-02-23T16:10:02.693000Z;SE0015961909;2024-02-23 17:10:02;2024-02-23T16:10:02.693000Z;SEK;XSTO;XSTO;MONE;false;12-------PH---;000858339;121.400;229;;;
2024-02-23 17:10:02;2024-02-23T16:10:02.693000Z;SE0015961909;2024-02-23 17:10:02;2024-02-23T16:10:02.693000Z;SEK;XSTO;XSTO;MONE;false;12-------PH---;000858338;121.400;712;;;
2024-02-23 17:10:02;2024-02-23T16:10:02.693000Z;SE0015961909;2024-02-23 17:10:02;2024-02-23T16:10:02.693000Z;SEK;XSTO;XSTO;MONE;false;12-------PH---;000858337;121.400;344;;;
2024-02-23 17:10:02;2024-02-23T16:10:02.693000Z;SE0015961909;2024-02-23 17:10:02;2024-02-23T16:10:02.693000Z;SEK;XSTO;XSTO;MONE;false;12-------PH---;000858336;121.400;700;;;
2024-02-23 17:09:40;2024-02-23T16:09:40.113000Z;SE0015961909;2024-02-23 17:09:40;2024-02-23T16:09:40.113000Z;SEK;XSTO;XSTO;MONE;false;12-------PH---;000857711;121.450;99;;;
2024-02-23 17:09:40;2024-02-23T16:09:40.093000Z;SE0015961909;2024-02-23 17:09:40;2024-02-23T16:09:40.093000Z;SEK;XSTO;XSTO;MONE;false;12-------PH---;000857702;121.450;32;;;
2024-02-23 17:09:40;2024-02-23T16:09:40.093000Z;SE0015961909;2024-02-23 17:09:40;2024-02-23T16:09:40.093000Z;SEK;XSTO;XSTO;MONE;false;12-------PH---;000857701;121.450;10;;;
2024-02-23 17:09:40;2024-02-23T16:09:40.093000Z;SE0015961909;2024-02-23 17:09:40;2024-02-23T16:09:40.093000Z;SEK;XSTO;XSTO;MONE;false;12-------PH---;000857699;121.450;163;;;
2024-02-23 17:09:40;2024-02-23T16:09:40.093000Z;SE0015961909;2024-02-23 17:09:40;2024-02-23T16:09:40.093000Z;SEK;XSTO;XSTO;MONE;false;12-------PH---;000857698;121.450;1349;;;
2024-02-23 17:09:40;2024-02-23T16:09:40.093000Z;SE0015961909;2024-02-23 17:09:40;2024-02-23T16:09:40.093000Z;SEK;XSTO;XSTO;MONE;false;12-------PH---;000857697;121.450;270;;;
2024-02-23 17:09:40;2024-02-23T16:09:40.093000Z;SE0015961909;2024-02-23 17:09:40;2024-02-23T16:09:40.093000Z;SEK;XSTO;XSTO;MONE;false;12-------PH---;000857696;121.450;128;;;
2024-02-23 17:09:40;2024-02-23T16:09:40.093000Z;SE0015961909;2024-02-23 17:09:40;2024-02-23T16:09:40.093000Z;SEK;XSTO;XSTO;MONE;false;12-------PH---;000857695;121.450;588;;;
2024-02-23 17:09:32;2024-02-23T16:09:32.907000Z;SE0015961909;2024-02-23 17:09:32;2024-02-23T16:09:32.907000Z;SEK;XSTO;XSTO;MONE;false;12-------PH---;000857504;121.500;270;;;
2024-02-23 17:09:32;2024-02-23T16:09:32.907000Z;SE0015961909;2024-02-23 17:09:32;2024-02-23T16:09:32.907000Z;SEK;XSTO;XSTO;MONE;false;12-------PH---;000857503;121.500;22;;;
2024-02-23 17:09:32;2024-02-23T16:09:32.897000Z;SE0015961909;2024-02-23 17:09:32;2024-02-23T16:09:32.897000Z;SEK;XSTO;XSTO;MONE;false;12-------PH---;000857502;121.500;700;;;
2024-02-23 17:09:32;2024-02-23T16:09:32.887000Z;SE0015961909;2024-02-23 17:09:32;2024-02-23T16:09:32.887000Z;SEK;XSTO;XSTO;MONE;false;12-------PH---;000857501;121.500;766;;;
2024-02-23 17:09:32;2024-02-23T16:09:32.847000Z;SE0015961909;2024-02-23 17:09:32;2024-02-23T16:09:32.850000Z;SEK;XSTO;XSTO;MONE;false;12-------PH---;000857500;121.500;431;;;
2024-02-23 17:09:32;2024-02-23T16:09:32.847000Z;SE0015961909;2024-02-23 17:09:32;2024-02-23T16:09:32.850000Z;SEK;XSTO;XSTO;MONE;false;12-------PH---;000857499;121.500;270;;;
2024-02-23 17:09:32;2024-02-23T16:09:32.847000Z;SE0015961909;2024-02-23 17:09:32;2024-02-23T16:09:32.850000Z;SEK;XSTO;XSTO;MONE;false;12-------PH---;000857498;121.500;611;;;
2024-02-23 17:09:32;2024-02-23T16:09:32.847000Z;SE0015961909;2024-02-23 17:09:32;2024-02-23T16:09:32.850000Z;SEK;XSTO;XSTO;MONE;false;12-------PH---;000857497;121.500;920;;;
2024-02-23 17:09:32;2024-02-23T16:09:32.847000Z;SE0015961909;2024-02-23 17:09:32;2024-02-23T16:09:32.850000Z;SEK;XSTO;XSTO;MONE;false;12-------PH---;000857496;121.500;92;;;
2024-02-23 17:09:24;2024-02-23T16:09:24.347000Z;SE0015961909;2024-02-23 17:09:24;2024-02-23T16:09:24.350000Z;SEK;XSTO;XSTO;MONE;false;12-------PH---;000857280;121.500;110;;;
2024-02-23 17:09:24;2024-02-23T16:09:24.347000Z;SE0015961909;2024-02-23 17:09:24;2024-02-23T16:09:24.347000Z;SEK;XSTO;XSTO;MONE;false;12-------PH---;000857255;121.500;110;;;
2024-02-23 17:09:24;2024-02-23T16:09:24.347000Z;SE0015961909;2024-02-23 17:09:24;2024-02-23T16:09:24.347000Z;SEK;XSTO;XSTO;MONE;false;12-------PH---;000857229;121.500;220;;;
2024-02-23 17:09:06;2024-02-23T16:09:06.813000Z;SE0015961909;2024-02-23 17:09:06;2024-02-23T16:09:06.813000Z;SEK;XSTO;XSTO;MONE;false;12-------PH---;000856724;121.500;4;;;
2024-02-23 17:08:44;2024-02-23T16:08:44.317000Z;SE0015961909;2024-02-23 17:08:44;2024-02-23T16:08:44.317000Z;SEK;XSTO;XSTO;MONE;false;12-------PH---;000856221;121.500;164;;;
2024-02-23 17:08:17;2024-02-23T16:08:17.593000Z;SE0015961909;2024-02-23 17:08:17;2024-02-23T16:08:17.593000Z;SEK;XSTO;XSTO;MONE;false;12-------PH---;000855316;121.450;917;;;
2024-02-23 17:08:17;2024-02-23T16:08:17.593000Z;SE0015961909;2024-02-23 17:08:17;2024-02-23T16:08:17.593000Z;SEK;XSTO;XSTO;MONE;false;12-------P----;000855315;121.450;794;;;
2024-02-23 17:08:07;2024-02-23T16:08:07.633000Z;SE0015961909;2024-02-23 17:08:07;2024-02-23T16:08:07.633000Z;SEK;XSTO;XSTO;MONE;false;12-------P----;000855059;121.450;110;;;
2024-02-23 17:08:07;2024-02-23T16:08:07.633000Z;SE0015961909;2024-02-23 17:08:07;2024-02-23T16:08:07.633000Z;SEK;XSTO;XSTO;MONE;false;12-------PH---;000855055;121.450;26;;;
2024-02-23 17:08:07;2024-02-23T16:08:07.633000Z;SE0015961909;2024-02-23 17:08:07;2024-02-23T16:08:07.633000Z;SEK;XSTO;XSTO;MONE;false;12-------PH---;000855054;121.450;393;;;
2024-02-23 17:08:07;2024-02-23T16:08:07.633000Z;SE0015961909;2024-02-23 17:08:07;2024-02-23T16:08:07.633000Z;SEK;XSTO;XSTO;MONE;false;12-------P----;000855042;121.450;110;;;
2024-02-23 17:08:07;2024-02-23T16:08:07.630000Z;SE0015961909;2024-02-23 17:08:07;2024-02-23T16:08:07.630000Z;SEK;XSTO;XSTO;MONE;false;12-------P----;000855025;121.450;110;;;
2024-02-23 17:07:54;2024-02-23T16:07:54.917000Z;SE0015961909;2024-02-23 17:07:54;2024-02-23T16:07:54.917000Z;SEK;XSTO;XSTO;MONE;false;12-------P----;000854634;121.450;181;;;
2024-02-23 17:07:54;2024-02-23T16:07:54.917000Z;SE0015961909;2024-02-23 17:07:54;2024-02-23T16:07:54.917000Z;SEK;XSTO;XSTO;MONE;false;12-------PH---;000854633;121.450;39;;;
2024-02-23 17:07:54;2024-02-23T16:07:54.917000Z;SE0015961909;2024-02-23 17:07:54;2024-02-23T16:07:54.917000Z;SEK;XSTO;XSTO;MONE;false;12-------PH---;000854610;121.450;220;;;
2024-02-23 17:07:54;2024-02-23T16:07:54.917000Z;SE0015961909;2024-02-23 17:07:54;2024-02-23T16:07:54.917000Z;SEK;XSTO;XSTO;MONE;false;12-------PH---;000854597;121.450;110;;;
2024-02-23 17:07:54;2024-02-23T16:07:54.917000Z;SE0015961909;2024-02-23 17:07:54;2024-02-23T16:07:54.917000Z;SEK;XSTO;XSTO;MONE;false;12-------PH---;000854587;121.450;110;;;
2024-02-23 17:07:23;2024-02-23T16:07:23.200000Z;SE0015961909;2024-02-23 17:07:23;2024-02-23T16:07:23.200000Z;SEK;XSTO;XSTO;MONE;false;12-------PH---;000853886;121.450;36;;;
2024-02-23 17:07:23;2024-02-23T16:07:23.200000Z;SE0015961909;2024-02-23 17:07:23;2024-02-23T16:07:23.200000Z;SEK;XSTO;XSTO;MONE;false;12-------P----;000853885;121.450;794;;;
2024-02-23 17:07:19;2024-02-23T16:07:19.267000Z;SE0015961909;2024-02-23 17:07:19;2024-02-23T16:07:19.267000Z;SEK;XSTO;XSTO;MONE;false;12-------PH---;000853785;121.450;260;;;
2024-02-23 17:07:19;2024-02-23T16:07:19.267000Z;SE0015961909;2024-02-23 17:07:19;2024-02-23T16:07:19.267000Z;SEK;XSTO;XSTO;MONE;false;12-------PH---;000853784;121.450;607;;;
2024-02-23 17:07:19;2024-02-23T16:07:19.267000Z;SE0015961909;2024-02-23 17:07:19;2024-02-23T16:07:19.267000Z;SEK;XSTO;XSTO;MONE;false;12-------PH---;000853783;121.450;1588;;;
2024-02-23 17:07:18;2024-02-23T16:07:18.637000Z;SE0015961909;2024-02-23 17:07:18;2024-02-23T16:07:18.637000Z;SEK;XSTO;XSTO;MONE;false;12-------PH---;000853759;121.450;270;;;
2024-02-23 17:07:18;2024-02-23T16:07:18.637000Z;SE0015961909;2024-02-23 17:07:18;2024-02-23T16:07:18.637000Z;SEK;XSTO;XSTO;MONE;false;12-------PH---;000853758;121.450;416;;;
2024-02-23 17:07:18;2024-02-23T16:07:18.637000Z;SE0015961909;2024-02-23 17:07:18;2024-02-23T16:07:18.637000Z;SEK;XSTO;XSTO;MONE;false;12-------PH---;000853757;121.450;990;;;
2024-02-23 17:07:18;2024-02-23T16:07:18.637000Z;SE0015961909;2024-02-23 17:07:18;2024-02-23T16:07:18.637000Z;SEK;XSTO;XSTO;MONE;false;12-------PH---;000853756;121.450;962;;;
2024-02-23 17:07:18;2024-02-23T16:07:18.637000Z;SE0015961909;2024-02-23 17:07:18;2024-02-23T16:07:18.637000Z;SEK;XSTO;XSTO;MONE;false;12-------PH---;000853755;121.450;629;;;
2024-02-23 17:07:18;2024-02-23T16:07:18.637000Z;SE0015961909;2024-02-23 17:07:18;2024-02-23T16:07:18.637000Z;SEK;XSTO;XSTO;MONE;false;12-------PH---;000853754;121.450;700;;;
2024-02-23 17:07:18;2024-02-23T16:07:18.637000Z;SE0015961909;2024-02-23 17:07:18;2024-02-23T16:07:18.637000Z;SEK;XSTO;XSTO;MONE;false;12-------PH---;000853753;121.450;819;;;
2024-02-23 17:07:18;2024-02-23T16:07:18.597000Z;SE0015961909;2024-02-23 17:07:18;2024-02-23T16:07:18.597000Z;SEK;XSTO;XSTO;MONE;false;12-------PH---;000853738;121.450;1403;;;
2024-02-23 17:07:12;2024-02-23T16:07:12.580000Z;SE0015961909;2024-02-23 17:07:12;2024-02-23T16:07:12.580000Z;SEK;XSTO;XSTO;MONE;false;12-------PH---;000853608;121.400;569;;;
2024-02-23 17:07:12;2024-02-23T16:07:12.580000Z;SE0015961909;2024-02-23 17:07:12;2024-02-23T16:07:12.580000Z;SEK;XSTO;XSTO;MONE;false;12-------PH---;000853607;121.400;522;;;
2024-02-23 17:07:12;2024-02-23T16:07:12.580000Z;SE0015961909;2024-02-23 17:07:12;2024-02-23T16:07:12.580000Z;SEK;XSTO;XSTO;MONE;false;12-------PH---;000853606;121.400;428;;;
2024-02-23 17:07:12;2024-02-23T16:07:12.580000Z;SE0015961909;2024-02-23 17:07:12;2024-02-23T16:07:12.580000Z;SEK;XSTO;XSTO;MONE;false;12-------PH---;000853605;121.400;833;;;
2024-02-23 17:07:12;2024-02-23T16:07:12.580000Z;SE0015961909;2024-02-23 17:07:12;2024-02-23T16:07:12.580000Z;SEK;XSTO;XSTO;MONE;false;12-------PH---;000853604;121.400;600;;;
2024-02-23 17:07:12;2024-02-23T16:07:12.580000Z;SE0015961909;2024-02-23 17:07:12;2024-02-23T16:07:12.580000Z;SEK;XSTO;XSTO;MONE;false;12-------PH---;000853603;121.400;956;;;
2024-02-23 17:07:12;2024-02-23T16:07:12.580000Z;SE0015961909;2024-02-23 17:07:12;2024-02-23T16:07:12.580000Z;SEK;XSTO;XSTO;MONE;false;12-------PH---;000853602;121.400;855;;;
2024-02-23 17:07:12;2024-02-23T16:07:12.580000Z;SE0015961909;2024-02-23 17:07:12;2024-02-23T16:07:12.580000Z;SEK;XSTO;XSTO;MONE;false;12-------PH---;000853601;121.400;700;;;
2024-02-23 17:07:12;2024-02-23T16:07:12.580000Z;SE0015961909;2024-02-23 17:07:12;2024-02-23T16:07:12.580000Z;SEK;XSTO;XSTO;MONE;false;12-------PH---;000853600;121.400;712;;;
2024-02-23 17:07:12;2024-02-23T16:07:12.560000Z;SE0015961909;2024-02-23 17:07:12;2024-02-23T16:07:12.560000Z;SEK;DSTO;XSTO;MONE;false;32D---S--PH---;000853599;121.420;794;;;Nordic@Mid trade
2024-02-23 17:06:41;2024-02-23T16:06:41.893000Z;SE0015961909;2024-02-23 17:06:41;2024-02-23T16:06:41.893000Z;SEK;XSTO;XSTO;MONE;false;12-------PH---;000852889;121.350;19;;;
2024-02-23 17:06:25;2024-02-23T16:06:25.837000Z;SE0015961909;2024-02-23 17:06:25;2024-02-23T16:06:25.837000Z;SEK;XSTO;XSTO;MONE;false;12-------PH---;000852511;121.400;700;;;
2024-02-23 17:06:25;2024-02-23T16:06:25.837000Z;SE0015961909;2024-02-23 17:06:25;2024-02-23T16:06:25.837000Z;SEK;XSTO;XSTO;MONE;false;12-------PH---;000852510;121.400;453;;;
2024-02-23 17:06:25;2024-02-23T16:06:25.837000Z;SE0015961909;2024-02-23 17:06:25;2024-02-23T16:06:25.837000Z;SEK;XSTO;XSTO;MONE;false;12-------PH---;000852509;121.400;270;;;
2024-02-23 17:06:04;2024-02-23T16:06:04.903000Z;SE0015961909;2024-02-23 17:06:04;2024-02-23T16:06:04.903000Z;SEK;XSTO;XSTO;MONE;false;12-------P----;000852069;121.450;377;;;
2024-02-23 17:06:04;2024-02-23T16:06:04.903000Z;SE0015961909;2024-02-23 17:06:04;2024-02-23T16:06:04.903000Z;SEK;XSTO;XSTO;MONE;false;12-------PH---;000852068;121.450;700;;;
2024-02-23 17:06:04;2024-02-23T16:06:04.903000Z;SE0015961909;2024-02-23 17:06:04;2024-02-23T16:06:04.903000Z;SEK;XSTO;XSTO;MONE;false;12-------PH---;000852067;121.450;742;;;
2024-02-23 17:06:04;2024-02-23T16:06:04.293000Z;SE0015961909;2024-02-23 17:06:04;2024-02-23T16:06:04.293000Z;SEK;XSTO;XSTO;MONE;false;12-------PH---;000852050;121.450;1239;;;
2024-02-23 17:06:04;2024-02-23T16:06:04.293000Z;SE0015961909;2024-02-23 17:06:04;2024-02-23T16:06:04.293000Z;SEK;XSTO;XSTO;MONE;false;12-------PH---;000852049;121.450;600;;;
2024-02-23 17:06:04;2024-02-23T16:06:04.293000Z;SE0015961909;2024-02-23 17:06:04;2024-02-23T16:06:04.293000Z;SEK;XSTO;XSTO;MONE;false;12-------PH---;000852048;121.450;142;;;
2024-02-23 17:06:04;2024-02-23T16:06:04.293000Z;SE0015961909;2024-02-23 17:06:04;2024-02-23T16:06:04.293000Z;SEK;XSTO;XSTO;MONE;false;12-------PH---;000852047;121.450;128;;;
2024-02-23 17:06:04;2024-02-23T16:06:04.273000Z;SE0015961909;2024-02-23 17:06:04;2024-02-23T16:06:04.273000Z;SEK;MSTO;XSTO;MONE;false;5P-------PH---;000852045;121.470;2109;;;Auction On Demand
2024-02-23 17:06:03;2024-02-23T16:06:03.680000Z;SE0015961909;2024-02-23 17:06:03;2024-02-23T16:06:03.680000Z;SEK;XSTO;XSTO;MONE;false;12-------PH---;000852013;121.500;336;;;
2024-02-23 17:06:03;2024-02-23T16:06:03.680000Z;SE0015961909;2024-02-23 17:06:03;2024-02-23T16:06:03.680000Z;SEK;XSTO;XSTO;MONE;false;12-------PH---;000852012;121.500;675;;;
2024-02-23 17:06:03;2024-02-23T16:06:03.680000Z;SE0015961909;2024-02-23 17:06:03;2024-02-23T16:06:03.680000Z;SEK;XSTO;XSTO;MONE;false;12-------PH---;000852011;121.500;883;;;
2024-02-23 17:06:03;2024-02-23T16:06:03.680000Z;SE0015961909;2024-02-23 17:06:03;2024-02-23T16:06:03.680000Z;SEK;XSTO;XSTO;MONE;false;12-------PH---;000852010;121.500;752;;;
2024-02-23 17:06:03;2024-02-23T16:06:03.680000Z;SE0015961909;2024-02-23 17:06:03;2024-02-23T16:06:03.680000Z;SEK;XSTO;XSTO;MONE;false;12-------P----;000852009;121.500;406;;;
2024-02-23 17:06:03;2024-02-23T16:06:03.680000Z;SE0015961909;2024-02-23 17:06:03;2024-02-23T16:06:03.680000Z;SEK;XSTO;XSTO;MONE;false;12-------PH---;000852008;121.500;700;;;
2024-02-23 17:06:03;2024-02-23T16:06:03.677000Z;SE0015961909;2024-02-23 17:06:03;2024-02-23T16:06:03.677000Z;SEK;XSTO;XSTO;MONE;false;12-------PH---;000852007;121.500;890;;;
2024-02-23 17:06:03;2024-02-23T16:06:03.677000Z;SE0015961909;2024-02-23 17:06:03;2024-02-23T16:06:03.677000Z;SEK;XSTO;XSTO;MONE;false;12-------PH---;000852006;121.500;823;;;
2024-02-23 17:06:03;2024-02-23T16:06:03.677000Z;SE0015961909;2024-02-23 17:06:03;2024-02-23T16:06:03.677000Z;SEK;XSTO;XSTO;MONE;false;12-------PH---;000852005;121.500;564;;;
2024-02-23 17:06:03;2024-02-23T16:06:03.677000Z;SE0015961909;2024-02-23 17:06:03;2024-02-23T16:06:03.677000Z;SEK;XSTO;XSTO;MONE;false;12-------PH---;000852004;121.500;806;;;
2024-02-23 17:06:03;2024-02-23T16:06:03.677000Z;SE0015961909;2024-02-23 17:06:03;2024-02-23T16:06:03.677000Z;SEK;XSTO;XSTO;MONE;false;12-------PH---;000852003;121.500;918;;;
2024-02-23 17:06:03;2024-02-23T16:06:03.677000Z;SE0015961909;2024-02-23 17:06:03;2024-02-23T16:06:03.677000Z;SEK;XSTO;XSTO;MONE;false;12-------PH---;000852002;121.500;700;;;
2024-02-23 17:06:03;2024-02-23T16:06:03.660000Z;SE0015961909;2024-02-23 17:06:03;2024-02-23T16:06:03.660000Z;SEK;XSTO;XSTO;MONE;false;12-------PH---;000851997;121.500;435;;;
2024-02-23 17:06:03;2024-02-23T16:06:03.660000Z;SE0015961909;2024-02-23 17:06:03;2024-02-23T16:06:03.660000Z;SEK;XSTO;XSTO;MONE;false;12-------PH---;000851996;121.500;697;;;
2024-02-23 17:06:03;2024-02-23T16:06:03.660000Z;SE0015961909;2024-02-23 17:06:03;2024-02-23T16:06:03.660000Z;SEK;XSTO;XSTO;MONE;false;12-------PH---;000851995;121.500;10;;;
2024-02-23 17:06:03;2024-02-23T16:06:03.660000Z;SE0015961909;2024-02-23 17:06:03;2024-02-23T16:06:03.660000Z;SEK;DSTO;XSTO;MONE;false;32D---S--PH---;000851994;121.470;5889;;;Nordic@Mid trade
2024-02-23 17:06:03;2024-02-23T16:06:03.660000Z;SE0015961909;2024-02-23 17:06:03;2024-02-23T16:06:03.660000Z;SEK;XSTO;XSTO;MONE;false;12-------PH---;000851993;121.500;171;;;
2024-02-23 17:06:03;2024-02-23T16:06:03.660000Z;SE0015961909;2024-02-23 17:06:03;2024-02-23T16:06:03.660000Z;SEK;XSTO;XSTO;MONE;false;12-------PH---;000851992;121.500;989;;;
2024-02-23 17:06:03;2024-02-23T16:06:03.660000Z;SE0015961909;2024-02-23 17:06:03;2024-02-23T16:06:03.660000Z;SEK;XSTO;XSTO;MONE;false;12-------PH---;000851991;121.500;920;;;
2024-02-23 17:06:03;2024-02-23T16:06:03.660000Z;SE0015961909;2024-02-23 17:06:03;2024-02-23T16:06:03.660000Z;SEK;XSTO;XSTO;MONE;false;12-------PH---;000851990;121.500;435;;;
2024-02-23 17:06:03;2024-02-23T16:06:03.660000Z;SE0015961909;2024-02-23 17:06:03;2024-02-23T16:06:03.660000Z;SEK;XSTO;XSTO;MONE;false;12-------PH---;000851989;121.500;1017;;;
2024-02-23 17:06:03;2024-02-23T16:06:03.660000Z;SE0015961909;2024-02-23 17:06:03;2024-02-23T16:06:03.660000Z;SEK;XSTO;XSTO;MONE;false;12-------PH---;000851988;121.500;447;;;
2024-02-23 17:05:45;2024-02-23T16:05:45.057000Z;SE0015961909;2024-02-23 17:05:45;2024-02-23T16:05:45.057000Z;SEK;XSTO;XSTO;MONE;false;12-------PH---;000851537;121.450;550;;;
2024-02-23 17:05:33;2024-02-23T16:05:33.653000Z;SE0015961909;2024-02-23 17:05:33;2024-02-23T16:05:33.653000Z;SEK;XSTO;XSTO;MONE;false;12-------PH---;000851198;121.450;10;;;
2024-02-23 17:05:17;2024-02-23T16:05:17.863000Z;SE0015961909;2024-02-23 17:05:17;2024-02-23T16:05:17.863000Z;SEK;XSTO;XSTO;MONE;false;12-------PH---;000850736;121.450;871;;;
2024-02-23 17:05:17;2024-02-23T16:05:17.863000Z;SE0015961909;2024-02-23 17:05:17;2024-02-23T16:05:17.863000Z;SEK;XSTO;XSTO;MONE;false;12-------PH---;000850735;121.450;718;;;
2024-02-23 17:05:17;2024-02-23T16:05:17.863000Z;SE0015961909;2024-02-23 17:05:17;2024-02-23T16:05:17.863000Z;SEK;XSTO;XSTO;MONE;false;12-------PH---;000850734;121.450;250;;;
2024-02-23 17:05:17;2024-02-23T16:05:17.863000Z;SE0015961909;2024-02-23 17:05:17;2024-02-23T16:05:17.863000Z;SEK;XSTO;XSTO;MONE;false;12-------PH---;000850733;121.450;450;;;
2024-02-23 17:05:17;2024-02-23T16:05:17.863000Z;SE0015961909;2024-02-23 17:05:17;2024-02-23T16:05:17.863000Z;SEK;XSTO;XSTO;MONE;false;12-------PH---;000850732;121.450;132;;;
2024-02-23 17:05:13;2024-02-23T16:05:13.373000Z;SE0015961909;2024-02-23 17:05:13;2024-02-23T16:05:13.373000Z;SEK;XSTO;XSTO;MONE;false;12-------PH---;000850590;121.500;739;;;
2024-02-23 17:04:55;2024-02-23T16:04:55.740000Z;SE0015961909;2024-02-23 17:04:55;2024-02-23T16:04:55.740000Z;SEK;XSTO;XSTO;MONE;false;12-------PH---;000850140;121.450;25;;;
2024-02-23 17:04:55;2024-02-23T16:04:55.480000Z;SE0015961909;2024-02-23 17:04:55;2024-02-23T16:04:55.480000Z;SEK;XSTO;XSTO;MONE;false;12-------PH---;000850130;121.450;310;;;
2024-02-23 17:04:55;2024-02-23T16:04:55.480000Z;SE0015961909;2024-02-23 17:04:55;2024-02-23T16:04:55.480000Z;SEK;XSTO;XSTO;MONE;false;12-------PH---;000850129;121.450;270;;;
2024-02-23 17:04:55;2024-02-23T16:04:55.480000Z;SE0015961909;2024-02-23 17:04:55;2024-02-23T16:04:55.480000Z;SEK;XSTO;XSTO;MONE;false;12-------PH---;000850128;121.450;220;;;
2024-02-23 17:04:32;2024-02-23T16:04:32.903000Z;SE0015961909;2024-02-23 17:04:32;2024-02-23T16:04:32.903000Z;SEK;XSTO;XSTO;MONE;false;12-------PH---;000849310;121.500;833;;;
2024-02-23 17:04:32;2024-02-23T16:04:32.903000Z;SE0015961909;2024-02-23 17:04:32;2024-02-23T16:04:32.903000Z;SEK;XSTO;XSTO;MONE;false;12-------PH---;000849309;121.500;535;;;
2024-02-23 17:04:32;2024-02-23T16:04:32.903000Z;SE0015961909;2024-02-23 17:04:32;2024-02-23T16:04:32.903000Z;SEK;XSTO;XSTO;MONE;false;12-------PH---;000849308;121.500;1186;;;
2024-02-23 17:04:25;2024-02-23T16:04:25.623000Z;SE0015961909;2024-02-23 17:04:25;2024-02-23T16:04:25.623000Z;SEK;MSTO;XSTO;MONE;false;5P-------PH---;000849060;121.530;463;;;Auction On Demand
2024-02-23 17:04:25;2024-02-23T16:04:25.190000Z;SE0015961909;2024-02-23 17:04:25;2024-02-23T16:04:25.190000Z;SEK;XSTO;XSTO;MONE;false;12-------P----;000849039;121.500;750;;;
2024-02-23 17:04:25;2024-02-23T16:04:25.183000Z;SE0015961909;2024-02-23 17:04:25;2024-02-23T16:04:25.183000Z;SEK;XSTO;XSTO;MONE;false;12-------P----;000849038;121.500;5;;;
2024-02-23 17:04:25;2024-02-23T16:04:25.173000Z;SE0015961909;2024-02-23 17:04:25;2024-02-23T16:04:25.173000Z;SEK;XSTO;XSTO;MONE;false;12-------PH---;000849037;121.500;431;;;
2024-02-23 17:04:25;2024-02-23T16:04:25.147000Z;SE0015961909;2024-02-23 17:04:25;2024-02-23T16:04:25.147000Z;SEK;XSTO;XSTO;MONE;false;12-------PH---;000849031;121.500;426;;;
2024-02-23 17:04:25;2024-02-23T16:04:25.147000Z;SE0015961909;2024-02-23 17:04:25;2024-02-23T16:04:25.147000Z;SEK;XSTO;XSTO;MONE;false;12-------PH---;000849030;121.500;1236;;;
2024-02-23 17:04:25;2024-02-23T16:04:25.147000Z;SE0015961909;2024-02-23 17:04:25;2024-02-23T16:04:25.147000Z;SEK;XSTO;XSTO;MONE;false;12-------PH---;000849029;121.500;270;;;
2024-02-23 17:04:25;2024-02-23T16:04:25.147000Z;SE0015961909;2024-02-23 17:04:25;2024-02-23T16:04:25.147000Z;SEK;XSTO;XSTO;MONE;false;12-------PH---;000849028;121.500;3;;;
2024-02-23 17:04:25;2024-02-23T16:04:25.147000Z;SE0015961909;2024-02-23 17:04:25;2024-02-23T16:04:25.147000Z;SEK;XSTO;XSTO;MONE;false;12-------PH---;000849027;121.500;500;;;
2024-02-23 17:04:25;2024-02-23T16:04:25.147000Z;SE0015961909;2024-02-23 17:04:25;2024-02-23T16:04:25.147000Z;SEK;XSTO;XSTO;MONE;false;12-------PH---;000849026;121.500;172;;;
2024-02-23 17:04:25;2024-02-23T16:04:25.147000Z;SE0015961909;2024-02-23 17:04:25;2024-02-23T16:04:25.147000Z;SEK;XSTO;XSTO;MONE;false;12-------PH---;000849025;121.500;324;;;
2024-02-23 17:04:25;2024-02-23T16:04:25.147000Z;SE0015961909;2024-02-23 17:04:25;2024-02-23T16:04:25.147000Z;SEK;XSTO;XSTO;MONE;false;12-------PH---;000849024;121.500;676;;;
2024-02-23 17:04:03;2024-02-23T16:04:03.337000Z;SE0015961909;2024-02-23 17:04:03;2024-02-23T16:04:03.337000Z;SEK;XSTO;XSTO;MONE;false;12-------PH---;000848099;121.550;396;;;
2024-02-23 17:04:03;2024-02-23T16:04:03.337000Z;SE0015961909;2024-02-23 17:04:03;2024-02-23T16:04:03.337000Z;SEK;XSTO;XSTO;MONE;false;12-------PH---;000848098;121.550;270;;;
2024-02-23 17:03:47;2024-02-23T16:03:47.930000Z;SE0015961909;2024-02-23 17:03:47;2024-02-23T16:03:47.930000Z;SEK;XSTO;XSTO;MONE;false;12-------PH---;000847576;121.550;43;;;
2024-02-23 17:03:47;2024-02-23T16:03:47.930000Z;SE0015961909;2024-02-23 17:03:47;2024-02-23T16:03:47.930000Z;SEK;XSTO;XSTO;MONE;false;12-------PH---;000847575;121.550;20;;;
2024-02-23 17:03:47;2024-02-23T16:03:47.930000Z;SE0015961909;2024-02-23 17:03:47;2024-02-23T16:03:47.930000Z;SEK;XSTO;XSTO;MONE;false;12-------PH---;000847574;121.550;580;;;
2024-02-23 17:03:47;2024-02-23T16:03:47.930000Z;SE0015961909;2024-02-23 17:03:47;2024-02-23T16:03:47.930000Z;SEK;XSTO;XSTO;MONE;false;12-------P----;000847573;121.550;254;;;
2024-02-23 17:03:47;2024-02-23T16:03:47.930000Z;SE0015961909;2024-02-23 17:03:47;2024-02-23T16:03:47.930000Z;SEK;XSTO;XSTO;MONE;false;12-------P----;000847572;121.550;78;;;
2024-02-23 17:03:47;2024-02-23T16:03:47.930000Z;SE0015961909;2024-02-23 17:03:47;2024-02-23T16:03:47.930000Z;SEK;XSTO;XSTO;MONE;false;12-------PH---;000847571;121.550;328;;;
2024-02-23 17:03:47;2024-02-23T16:03:47.930000Z;SE0015961909;2024-02-23 17:03:47;2024-02-23T16:03:47.930000Z;SEK;XSTO;XSTO;MONE;false;12-------P----;000847570;121.550;212;;;
2024-02-23 17:03:47;2024-02-23T16:03:47.930000Z;SE0015961909;2024-02-23 17:03:47;2024-02-23T16:03:47.930000Z;SEK;XSTO;XSTO;MONE;false;12-------PH---;000847569;121.550;270;;;
2024-02-23 17:03:45;2024-02-23T16:03:45.013000Z;SE0015961909;2024-02-23 17:03:45;2024-02-23T16:03:45.013000Z;SEK;XSTO;XSTO;MONE;false;12-------P----;000847487;121.600;264;;;
2024-02-23 17:03:44;2024-02-23T16:03:44.990000Z;SE0015961909;2024-02-23 17:03:44;2024-02-23T16:03:44.990000Z;SEK;XSTO;XSTO;MONE;false;12-------PH---;000847486;121.600;153;;;
2024-02-23 17:03:44;2024-02-23T16:03:44.990000Z;SE0015961909;2024-02-23 17:03:44;2024-02-23T16:03:44.990000Z;SEK;XSTO;XSTO;MONE;false;12-------PH---;000847485;121.600;270;;;
2024-02-23 17:03:44;2024-02-23T16:03:44.990000Z;SE0015961909;2024-02-23 17:03:44;2024-02-23T16:03:44.990000Z;SEK;XSTO;XSTO;MONE;false;12-------PH---;000847484;121.600;803;;;
2024-02-23 17:03:43;2024-02-23T16:03:43.833000Z;SE0015961909;2024-02-23 17:03:43;2024-02-23T16:03:43.833000Z;SEK;XSTO;XSTO;MONE;false;12-------P----;000847459;121.600;880;;;
2024-02-23 17:03:43;2024-02-23T16:03:43.817000Z;SE0015961909;2024-02-23 17:03:43;2024-02-23T16:03:43.817000Z;SEK;XSTO;XSTO;MONE;false;12-------PH---;000847458;121.600;516;;;
2024-02-23 17:03:43;2024-02-23T16:03:43.817000Z;SE0015961909;2024-02-23 17:03:43;2024-02-23T16:03:43.817000Z;SEK;XSTO;XSTO;MONE;false;12-------PH---;000847457;121.600;700;;;
2024-02-23 17:03:43;2024-02-23T16:03:43.817000Z;SE0015961909;2024-02-23 17:03:43;2024-02-23T16:03:43.817000Z;SEK;XSTO;XSTO;MONE;false;12-------PH---;000847456;121.600;807;;;
2024-02-23 17:03:43;2024-02-23T16:03:43.817000Z;SE0015961909;2024-02-23 17:03:43;2024-02-23T16:03:43.817000Z;SEK;XSTO;XSTO;MONE;false;12-------PH---;000847455;121.600;980;;;
2024-02-23 17:03:43;2024-02-23T16:03:43.817000Z;SE0015961909;2024-02-23 17:03:43;2024-02-23T16:03:43.817000Z;SEK;XSTO;XSTO;MONE;false;12-------PH---;000847454;121.600;730;;;
2024-02-23 17:01:55;2024-02-23T16:01:55.877000Z;SE0015961909;2024-02-23 17:01:55;2024-02-23T16:01:55.877000Z;SEK;XSTO;XSTO;MONE;false;12-------PH---;000844601;121.600;515;;;
2024-02-23 17:01:55;2024-02-23T16:01:55.877000Z;SE0015961909;2024-02-23 17:01:55;2024-02-23T16:01:55.877000Z;SEK;XSTO;XSTO;MONE;false;12-------PH---;000844600;121.600;978;;;
2024-02-23 17:01:55;2024-02-23T16:01:55.877000Z;SE0015961909;2024-02-23 17:01:55;2024-02-23T16:01:55.877000Z;SEK;XSTO;XSTO;MONE;false;12-------PH---;000844599;121.600;771;;;
2024-02-23 17:01:55;2024-02-23T16:01:55.877000Z;SE0015961909;2024-02-23 17:01:55;2024-02-23T16:01:55.877000Z;SEK;XSTO;XSTO;MONE;false;12-------PH---;000844598;121.600;320;;;
2024-02-23 17:01:55;2024-02-23T16:01:55.877000Z;SE0015961909;2024-02-23 17:01:55;2024-02-23T16:01:55.877000Z;SEK;XSTO;XSTO;MONE;false;12-------PH---;000844597;121.600;620;;;
2024-02-23 17:01:55;2024-02-23T16:01:55.877000Z;SE0015961909;2024-02-23 17:01:55;2024-02-23T16:01:55.877000Z;SEK;XSTO;XSTO;MONE;false;12-------PH---;000844596;121.600;100;;;
2024-02-23 17:01:44;2024-02-23T16:01:44.580000Z;SE0015961909;2024-02-23 17:01:44;2024-02-23T16:01:44.580000Z;SEK;XSTO;XSTO;MONE;false;12-------PH---;000844356;121.600;385;;;
2024-02-23 17:01:44;2024-02-23T16:01:44.580000Z;SE0015961909;2024-02-23 17:01:44;2024-02-23T16:01:44.580000Z;SEK;XSTO;XSTO;MONE;false;12-------PH---;000844355;121.600;355;;;
2024-02-23 17:01:44;2024-02-23T16:01:44.537000Z;SE0015961909;2024-02-23 17:01:44;2024-02-23T16:01:44.537000Z;SEK;XSTO;XSTO;MONE;false;12-------PH---;000844354;121.600;260;;;
2024-02-23 17:01:44;2024-02-23T16:01:44.537000Z;SE0015961909;2024-02-23 17:01:44;2024-02-23T16:01:44.537000Z;SEK;XSTO;XSTO;MONE;false;12-------PH---;000844352;121.600;10;;;
2024-02-23 17:01:44;2024-02-23T16:01:44.537000Z;SE0015961909;2024-02-23 17:01:44;2024-02-23T16:01:44.537000Z;SEK;XSTO;XSTO;MONE;false;12-------PH---;000844351;121.600;68;;;
2024-02-23 17:01:22;2024-02-23T16:01:22.783000Z;SE0015961909;2024-02-23 17:01:22;2024-02-23T16:01:22.783000Z;SEK;XSTO;XSTO;MONE;false;12-------PH---;000843765;121.650;437;;;
2024-02-23 17:01:22;2024-02-23T16:01:22.783000Z;SE0015961909;2024-02-23 17:01:22;2024-02-23T16:01:22.783000Z;SEK;XSTO;XSTO;MONE;false;12-------PH---;000843764;121.650;575;;;
2024-02-23 17:01:22;2024-02-23T16:01:22.783000Z;SE0015961909;2024-02-23 17:01:22;2024-02-23T16:01:22.783000Z;SEK;XSTO;XSTO;MONE;false;12-------PH---;000843763;121.650;133;;;
2024-02-23 17:01:22;2024-02-23T16:01:22.783000Z;SE0015961909;2024-02-23 17:01:22;2024-02-23T16:01:22.783000Z;SEK;XSTO;XSTO;MONE;false;12-------PH---;000843762;121.650;995;;;
2024-02-23 17:01:22;2024-02-23T16:01:22.783000Z;SE0015961909;2024-02-23 17:01:22;2024-02-23T16:01:22.783000Z;SEK;XSTO;XSTO;MONE;false;12-------PH---;000843761;121.650;597;;;
2024-02-23 17:01:22;2024-02-23T16:01:22.783000Z;SE0015961909;2024-02-23 17:01:22;2024-02-23T16:01:22.783000Z;SEK;XSTO;XSTO;MONE;false;12-------PH---;000843760;121.650;270;;;
2024-02-23 17:01:06;2024-02-23T16:01:06.053000Z;SE0015961909;2024-02-23 17:01:06;2024-02-23T16:01:06.053000Z;SEK;DSTO;XSTO;MONE;false;32D---S--PH---;000843346;121.670;50;;;Nordic@Mid trade
2024-02-23 17:00:56;2024-02-23T16:00:56.890000Z;SE0015961909;2024-02-23 17:00:56;2024-02-23T16:00:56.890000Z;SEK;DSTO;XSTO;MONE;false;32D---S--PH---;000843123;121.670;392;;;Nordic@Mid trade
2024-02-23 17:00:30;2024-02-23T16:00:30.447000Z;SE0015961909;2024-02-23 17:00:30;2024-02-23T16:00:30.447000Z;SEK;XSTO;XSTO;MONE;false;12-------PH---;000842417;121.650;288;;;
2024-02-23 17:00:30;2024-02-23T16:00:30.447000Z;SE0015961909;2024-02-23 17:00:30;2024-02-23T16:00:30.447000Z;SEK;XSTO;XSTO;MONE;false;12-------PH---;000842416;121.650;531;;;
2024-02-23 17:00:30;2024-02-23T16:00:30.427000Z;SE0015961909;2024-02-23 17:00:30;2024-02-23T16:00:30.427000Z;SEK;XSTO;XSTO;MONE;false;12-------PH---;000842414;121.650;124;;;
2024-02-23 17:00:30;2024-02-23T16:00:30.427000Z;SE0015961909;2024-02-23 17:00:30;2024-02-23T16:00:30.427000Z;SEK;XSTO;XSTO;MONE;false;12-------PH---;000842413;121.650;505;;;
2024-02-23 17:00:30;2024-02-23T16:00:30.427000Z;SE0015961909;2024-02-23 17:00:30;2024-02-23T16:00:30.427000Z;SEK;XSTO;XSTO;MONE;false;12-------PH---;000842412;121.650;123;;;
2024-02-23 17:00:30;2024-02-23T16:00:30.427000Z;SE0015961909;2024-02-23 17:00:30;2024-02-23T16:00:30.427000Z;SEK;XSTO;XSTO;MONE;false;12-------P----;000842411;121.650;324;;;
2024-02-23 17:00:30;2024-02-23T16:00:30.427000Z;SE0015961909;2024-02-23 17:00:30;2024-02-23T16:00:30.427000Z;SEK;XSTO;XSTO;MONE;false;12-------P----;000842410;121.650;225;;;
2024-02-23 17:00:30;2024-02-23T16:00:30.427000Z;SE0015961909;2024-02-23 17:00:30;2024-02-23T16:00:30.427000Z;SEK;XSTO;XSTO;MONE;false;12-------PH---;000842409;121.650;372;;;
2024-02-23 17:00:30;2024-02-23T16:00:30.427000Z;SE0015961909;2024-02-23 17:00:30;2024-02-23T16:00:30.427000Z;SEK;XSTO;XSTO;MONE;false;12-------P----;000842408;121.650;419;;;
2024-02-23 17:00:30;2024-02-23T16:00:30.427000Z;SE0015961909;2024-02-23 17:00:30;2024-02-23T16:00:30.427000Z;SEK;XSTO;XSTO;MONE;false;12-------PH---;000842407;121.650;287;;;
2024-02-23 17:00:30;2024-02-23T16:00:30.427000Z;SE0015961909;2024-02-23 17:00:30;2024-02-23T16:00:30.427000Z;SEK;XSTO;XSTO;MONE;false;12-------P----;000842406;121.650;490;;;
2024-02-23 17:00:16;2024-02-23T16:00:16.120000Z;SE0015961909;2024-02-23 17:00:16;2024-02-23T16:00:16.120000Z;SEK;XSTO;XSTO;MONE;false;12-------PH---;000842044;121.700;110;;;
2024-02-23 17:00:12;2024-02-23T16:00:12.027000Z;SE0015961909;2024-02-23 17:00:12;2024-02-23T16:00:12.027000Z;SEK;DSTO;XSTO;MONE;false;32D---S--PH---;000841941;121.670;6012;;;Nordic@Mid trade
2024-02-23 16:59:58;2024-02-23T15:59:58.660000Z;SE0015961909;2024-02-23 16:59:58;2024-02-23T15:59:58.660000Z;SEK;XSTO;XSTO;MONE;false;12-------PH---;000840556;121.700;41;;;
2024-02-23 16:59:14;2024-02-23T15:59:14.253000Z;SE0015961909;2024-02-23 16:59:14;2024-02-23T15:59:14.253000Z;SEK;XSTO;XSTO;MONE;false;12-------PH---;000834157;121.700;650;;;
2024-02-23 16:58:24;2024-02-23T15:58:24.287000Z;SE0015961909;2024-02-23 16:58:24;2024-02-23T15:58:24.287000Z;SEK;XSTO;XSTO;MONE;false;12-------PH---;000833007;121.700;441;;;
2024-02-23 16:58:24;2024-02-23T15:58:24.287000Z;SE0015961909;2024-02-23 16:58:24;2024-02-23T15:58:24.287000Z;SEK;XSTO;XSTO;MONE;false;12-------PH---;000833006;121.700;560;;;
2024-02-23 16:58:24;2024-02-23T15:58:24.287000Z;SE0015961909;2024-02-23 16:58:24;2024-02-23T15:58:24.287000Z;SEK;XSTO;XSTO;MONE;false;12-------PH---;000833005;121.700;270;;;
2024-02-23 16:57:58;2024-02-23T15:57:58.610000Z;SE0015961909;2024-02-23 16:57:58;2024-02-23T15:57:58.610000Z;SEK;XSTO;XSTO;MONE;false;12-------PH---;000832341;121.700;432;;;
2024-02-23 16:57:58;2024-02-23T15:57:58.610000Z;SE0015961909;2024-02-23 16:57:58;2024-02-23T15:57:58.610000Z;SEK;XSTO;XSTO;MONE;false;12-------PH---;000832340;121.700;767;;;
2024-02-23 16:57:58;2024-02-23T15:57:58.610000Z;SE0015961909;2024-02-23 16:57:58;2024-02-23T15:57:58.610000Z;SEK;XSTO;XSTO;MONE;false;12-------PH---;000832339;121.700;620;;;
2024-02-23 16:57:58;2024-02-23T15:57:58.610000Z;SE0015961909;2024-02-23 16:57:58;2024-02-23T15:57:58.610000Z;SEK;XSTO;XSTO;MONE;false;12-------PH---;000832338;121.700;485;;;
2024-02-23 16:57:58;2024-02-23T15:57:58.610000Z;SE0015961909;2024-02-23 16:57:58;2024-02-23T15:57:58.610000Z;SEK;XSTO;XSTO;MONE;false;12-------PH---;000832337;121.700;700;;;
2024-02-23 16:57:32;2024-02-23T15:57:32.283000Z;SE0015961909;2024-02-23 16:57:32;2024-02-23T15:57:32.283000Z;SEK;XSTO;XSTO;MONE;false;12-------PH---;000831666;121.650;1410;;;
2024-02-23 16:57:31;2024-02-23T15:57:31.190000Z;SE0015961909;2024-02-23 16:57:31;2024-02-23T15:57:31.190000Z;SEK;XSTO;XSTO;MONE;false;12-------PH---;000831652;121.650;270;;;
2024-02-23 16:57:31;2024-02-23T15:57:31.183000Z;SE0015961909;2024-02-23 16:57:31;2024-02-23T15:57:31.183000Z;SEK;XSTO;XSTO;MONE;false;12-------PH---;000831651;121.650;730;;;
2024-02-23 16:57:31;2024-02-23T15:57:31.183000Z;SE0015961909;2024-02-23 16:57:31;2024-02-23T15:57:31.183000Z;SEK;XSTO;XSTO;MONE;false;12-------PH---;000831650;121.650;582;;;
2024-02-23 16:57:31;2024-02-23T15:57:31.183000Z;SE0015961909;2024-02-23 16:57:31;2024-02-23T15:57:31.183000Z;SEK;XSTO;XSTO;MONE;false;12-------PH---;000831649;121.650;490;;;
2024-02-23 16:57:00;2024-02-23T15:57:00.113000Z;SE0015961909;2024-02-23 16:57:00;2024-02-23T15:57:00.113000Z;SEK;XSTO;XSTO;MONE;false;12-------PH---;000830836;121.650;563;;;
2024-02-23 16:57:00;2024-02-23T15:57:00.113000Z;SE0015961909;2024-02-23 16:57:00;2024-02-23T15:57:00.113000Z;SEK;XSTO;XSTO;MONE;false;12-------PH---;000830835;121.650;870;;;
2024-02-23 16:56:27;2024-02-23T15:56:27.367000Z;SE0015961909;2024-02-23 16:56:27;2024-02-23T15:56:27.367000Z;SEK;XSTO;XSTO;MONE;false;12-------PH---;000830107;121.650;370;;;
2024-02-23 16:56:19;2024-02-23T15:56:19.147000Z;SE0015961909;2024-02-23 16:56:19;2024-02-23T15:56:19.147000Z;SEK;XSTO;XSTO;MONE;false;12-------PH---;000829953;121.600;345;;;
2024-02-23 16:56:19;2024-02-23T15:56:19.147000Z;SE0015961909;2024-02-23 16:56:19;2024-02-23T15:56:19.147000Z;SEK;XSTO;XSTO;MONE;false;12-------PH---;000829952;121.600;82;;;
2024-02-23 16:55:37;2024-02-23T15:55:37.650000Z;SE0015961909;2024-02-23 16:55:37;2024-02-23T15:55:37.650000Z;SEK;XSTO;XSTO;MONE;false;12-------PH---;000829069;121.650;778;;;
2024-02-23 16:55:37;2024-02-23T15:55:37.650000Z;SE0015961909;2024-02-23 16:55:37;2024-02-23T15:55:37.650000Z;SEK;XSTO;XSTO;MONE;false;12-------P----;000829068;121.650;447;;;
2024-02-23 16:55:37;2024-02-23T15:55:37.650000Z;SE0015961909;2024-02-23 16:55:37;2024-02-23T15:55:37.650000Z;SEK;XSTO;XSTO;MONE;false;12-------PH---;000829067;121.650;709;;;
2024-02-23 16:55:12;2024-02-23T15:55:12.873000Z;SE0015961909;2024-02-23 16:55:12;2024-02-23T15:55:12.873000Z;SEK;XSTO;XSTO;MONE;false;12-------PH---;000828584;121.700;856;;;
2024-02-23 16:55:11;2024-02-23T15:55:11.847000Z;SE0015961909;2024-02-23 16:55:11;2024-02-23T15:55:11.847000Z;SEK;XSTO;XSTO;MONE;false;12-------PH---;000828568;121.700;620;;;
2024-02-23 16:55:11;2024-02-23T15:55:11.847000Z;SE0015961909;2024-02-23 16:55:11;2024-02-23T15:55:11.847000Z;SEK;XSTO;XSTO;MONE;false;12-------PH---;000828567;121.700;270;;;
2024-02-23 16:55:11;2024-02-23T15:55:11.137000Z;SE0015961909;2024-02-23 16:55:11;2024-02-23T15:55:11.137000Z;SEK;XSTO;XSTO;MONE;false;12-------PH---;000828529;121.700;827;;;
2024-02-23 16:55:11;2024-02-23T15:55:11.120000Z;SE0015961909;2024-02-23 16:55:11;2024-02-23T15:55:11.120000Z;SEK;XSTO;XSTO;MONE;false;12-------PH---;000828528;121.700;509;;;
2024-02-23 16:55:11;2024-02-23T15:55:11.120000Z;SE0015961909;2024-02-23 16:55:11;2024-02-23T15:55:11.120000Z;SEK;XSTO;XSTO;MONE;false;12-------PH---;000828527;121.700;700;;;
2024-02-23 16:55:11;2024-02-23T15:55:11.120000Z;SE0015961909;2024-02-23 16:55:11;2024-02-23T15:55:11.120000Z;SEK;XSTO;XSTO;MONE;false;12-------PH---;000828526;121.700;154;;;
2024-02-23 16:55:11;2024-02-23T15:55:11.120000Z;SE0015961909;2024-02-23 16:55:11;2024-02-23T15:55:11.120000Z;SEK;XSTO;XSTO;MONE;false;12-------PH---;000828525;121.700;252;;;
2024-02-23 16:55:11;2024-02-23T15:55:11.120000Z;SE0015961909;2024-02-23 16:55:11;2024-02-23T15:55:11.120000Z;SEK;XSTO;XSTO;MONE;false;12-------PH---;000828524;121.700;1235;;;
2024-02-23 16:55:11;2024-02-23T15:55:11.120000Z;SE0015961909;2024-02-23 16:55:11;2024-02-23T15:55:11.120000Z;SEK;XSTO;XSTO;MONE;false;12-------PH---;000828523;121.700;789;;;
2024-02-23 16:55:11;2024-02-23T15:55:11.120000Z;SE0015961909;2024-02-23 16:55:11;2024-02-23T15:55:11.120000Z;SEK;XSTO;XSTO;MONE;false;12-------PH---;000828522;121.700;700;;;
2024-02-23 16:55:11;2024-02-23T15:55:11.120000Z;SE0015961909;2024-02-23 16:55:11;2024-02-23T15:55:11.120000Z;SEK;XSTO;XSTO;MONE;false;12-------PH---;000828521;121.700;569;;;
2024-02-23 16:55:11;2024-02-23T15:55:11.120000Z;SE0015961909;2024-02-23 16:55:11;2024-02-23T15:55:11.120000Z;SEK;XSTO;XSTO;MONE;false;12-------PH---;000828520;121.700;639;;;
2024-02-23 16:55:11;2024-02-23T15:55:11.120000Z;SE0015961909;2024-02-23 16:55:11;2024-02-23T15:55:11.120000Z;SEK;XSTO;XSTO;MONE;false;12-------PH---;000828519;121.700;497;;;
2024-02-23 16:55:11;2024-02-23T15:55:11.120000Z;SE0015961909;2024-02-23 16:55:11;2024-02-23T15:55:11.120000Z;SEK;XSTO;XSTO;MONE;false;12-------PH---;000828518;121.700;675;;;
2024-02-23 16:55:11;2024-02-23T15:55:11.120000Z;SE0015961909;2024-02-23 16:55:11;2024-02-23T15:55:11.120000Z;SEK;XSTO;XSTO;MONE;false;12-------PH---;000828517;121.700;738;;;
2024-02-23 16:55:11;2024-02-23T15:55:11.120000Z;SE0015961909;2024-02-23 16:55:11;2024-02-23T15:55:11.120000Z;SEK;XSTO;XSTO;MONE;false;12-------PH---;000828516;121.700;522;;;
2024-02-23 16:55:11;2024-02-23T15:55:11.120000Z;SE0015961909;2024-02-23 16:55:11;2024-02-23T15:55:11.120000Z;SEK;XSTO;XSTO;MONE;false;12-------PH---;000828515;121.700;530;;;
2024-02-23 16:55:11;2024-02-23T15:55:11.120000Z;SE0015961909;2024-02-23 16:55:11;2024-02-23T15:55:11.120000Z;SEK;DSTO;XSTO;MONE;false;32D---S--PH---;000828514;121.720;154;;;Nordic@Mid trade
2024-02-23 16:55:00;2024-02-23T15:55:00.350000Z;SE0015961909;2024-02-23 16:55:00;2024-02-23T15:55:00.350000Z;SEK;XSTO;XSTO;MONE;false;12-------PH---;000828145;121.750;54;;;
2024-02-23 16:55:00;2024-02-23T15:55:00.350000Z;SE0015961909;2024-02-23 16:55:00;2024-02-23T15:55:00.350000Z;SEK;XSTO;XSTO;MONE;false;12-------PH---;000828144;121.750;125;;;
2024-02-23 16:55:00;2024-02-23T15:55:00.350000Z;SE0015961909;2024-02-23 16:55:00;2024-02-23T15:55:00.350000Z;SEK;XSTO;XSTO;MONE;false;12-------PH---;000828143;121.750;810;;;
2024-02-23 16:54:18;2024-02-23T15:54:18.283000Z;SE0015961909;2024-02-23 16:54:18;2024-02-23T15:54:18.283000Z;SEK;XSTO;XSTO;MONE;false;12-------PH---;000826818;121.750;345;;;
2024-02-23 16:54:15;2024-02-23T15:54:15.077000Z;SE0015961909;2024-02-23 16:54:15;2024-02-23T15:54:15.077000Z;SEK;MSTO;XSTO;MONE;false;5P-------PH---;000826691;121.780;291;;;Auction On Demand
2024-02-23 16:54:15;2024-02-23T15:54:15.017000Z;SE0015961909;2024-02-23 16:54:15;2024-02-23T15:54:15.017000Z;SEK;XSTO;XSTO;MONE;false;12-------PH---;000826688;121.750;41;;;
2024-02-23 16:54:15;2024-02-23T15:54:15.017000Z;SE0015961909;2024-02-23 16:54:15;2024-02-23T15:54:15.017000Z;SEK;XSTO;XSTO;MONE;false;12-------PH---;000826687;121.750;400;;;
2024-02-23 16:54:15;2024-02-23T15:54:15.017000Z;SE0015961909;2024-02-23 16:54:15;2024-02-23T15:54:15.017000Z;SEK;XSTO;XSTO;MONE;false;12-------PH---;000826686;121.750;41;;;
2024-02-23 16:54:15;2024-02-23T15:54:15.017000Z;SE0015961909;2024-02-23 16:54:15;2024-02-23T15:54:15.017000Z;SEK;XSTO;XSTO;MONE;false;12-------PH---;000826685;121.750;41;;;
2024-02-23 16:54:15;2024-02-23T15:54:15.017000Z;SE0015961909;2024-02-23 16:54:15;2024-02-23T15:54:15.017000Z;SEK;XSTO;XSTO;MONE;false;12-------PH---;000826684;121.750;30;;;
2024-02-23 16:54:15;2024-02-23T15:54:15.017000Z;SE0015961909;2024-02-23 16:54:15;2024-02-23T15:54:15.017000Z;SEK;XSTO;XSTO;MONE;false;12-------PH---;000826683;121.750;424;;;
2024-02-23 16:54:15;2024-02-23T15:54:15.017000Z;SE0015961909;2024-02-23 16:54:15;2024-02-23T15:54:15.017000Z;SEK;XSTO;XSTO;MONE;false;12-------PH---;000826682;121.750;700;;;
2024-02-23 16:52:17;2024-02-23T15:52:17.633000Z;SE0015961909;2024-02-23 16:52:17;2024-02-23T15:52:17.633000Z;SEK;MSTO;XSTO;MONE;false;5P-------PH---;000822956;121.720;529;;;Auction On Demand
2024-02-23 16:52:17;2024-02-23T15:52:17.377000Z;SE0015961909;2024-02-23 16:52:17;2024-02-23T15:52:17.377000Z;SEK;MSTO;XSTO;MONE;false;5P-------PH---;000822946;121.720;914;;;Auction On Demand
2024-02-23 16:52:01;2024-02-23T15:52:01.187000Z;SE0015961909;2024-02-23 16:52:01;2024-02-23T15:52:01.187000Z;SEK;XSTO;XSTO;MONE;false;12-------PH---;000822449;121.700;573;;;
2024-02-23 16:51:48;2024-02-23T15:51:48.450000Z;SE0015961909;2024-02-23 16:51:48;2024-02-23T15:51:48.453000Z;SEK;XSTO;XSTO;MONE;false;12-------PH---;000822059;121.700;330;;;
2024-02-23 16:51:48;2024-02-23T15:51:48.447000Z;SE0015961909;2024-02-23 16:51:48;2024-02-23T15:51:48.447000Z;SEK;XSTO;XSTO;MONE;false;12-------PH---;000822049;121.700;220;;;
2024-02-23 16:51:48;2024-02-23T15:51:48.447000Z;SE0015961909;2024-02-23 16:51:48;2024-02-23T15:51:48.447000Z;SEK;XSTO;XSTO;MONE;false;12-------PH---;000822038;121.700;440;;;
2024-02-23 16:51:18;2024-02-23T15:51:18.260000Z;SE0015961909;2024-02-23 16:51:18;2024-02-23T15:51:18.260000Z;SEK;XSTO;XSTO;MONE;false;12-------PH---;000821094;121.650;403;;;
2024-02-23 16:51:18;2024-02-23T15:51:18.260000Z;SE0015961909;2024-02-23 16:51:18;2024-02-23T15:51:18.260000Z;SEK;XSTO;XSTO;MONE;false;12-------PH---;000821093;121.650;454;;;
2024-02-23 16:51:18;2024-02-23T15:51:18.260000Z;SE0015961909;2024-02-23 16:51:18;2024-02-23T15:51:18.260000Z;SEK;XSTO;XSTO;MONE;false;12-------PH---;000821092;121.650;1468;;;
2024-02-23 16:51:18;2024-02-23T15:51:18.260000Z;SE0015961909;2024-02-23 16:51:18;2024-02-23T15:51:18.260000Z;SEK;XSTO;XSTO;MONE;false;12-------PH---;000821091;121.650;700;;;
2024-02-23 16:51:18;2024-02-23T15:51:18.260000Z;SE0015961909;2024-02-23 16:51:18;2024-02-23T15:51:18.260000Z;SEK;XSTO;XSTO;MONE;false;12-------PH---;000821090;121.650;1115;;;
2024-02-23 16:51:09;2024-02-23T15:51:09.360000Z;SE0015961909;2024-02-23 16:51:09;2024-02-23T15:51:09.360000Z;SEK;XSTO;XSTO;MONE;false;12-------PH---;000820810;121.650;5;;;
2024-02-23 16:50:05;2024-02-23T15:50:05.953000Z;SE0015961909;2024-02-23 16:50:05;2024-02-23T15:50:05.953000Z;SEK;XSTO;XSTO;MONE;false;12-------P----;000819046;121.600;905;;;
2024-02-23 16:50:05;2024-02-23T15:50:05.953000Z;SE0015961909;2024-02-23 16:50:05;2024-02-23T15:50:05.953000Z;SEK;XSTO;XSTO;MONE;false;12-------PH---;000819045;121.600;290;;;
2024-02-23 16:50:05;2024-02-23T15:50:05.953000Z;SE0015961909;2024-02-23 16:50:05;2024-02-23T15:50:05.953000Z;SEK;XSTO;XSTO;MONE;false;12-------PH---;000819044;121.600;570;;;
2024-02-23 16:50:05;2024-02-23T15:50:05.933000Z;SE0015961909;2024-02-23 16:50:05;2024-02-23T15:50:05.933000Z;SEK;XSTO;XSTO;MONE;false;12-------PH---;000819043;121.600;1131;;;
2024-02-23 16:50:00;2024-02-23T15:50:00.183000Z;SE0015961909;2024-02-23 16:50:00;2024-02-23T15:50:00.183000Z;SEK;XSTO;XSTO;MONE;false;12-------PH---;000818737;121.600;660;;;
2024-02-23 16:49:49;2024-02-23T15:49:49.637000Z;SE0015961909;2024-02-23 16:49:49;2024-02-23T15:49:49.637000Z;SEK;MSTO;XSTO;MONE;false;5P-------PH---;000818391;121.580;1648;;;Auction On Demand
2024-02-23 16:49:37;2024-02-23T15:49:37.783000Z;SE0015961909;2024-02-23 16:49:37;2024-02-23T15:49:37.783000Z;SEK;XSTO;XSTO;MONE;false;12-------PH---;000817921;121.600;270;;;
2024-02-23 16:49:37;2024-02-23T15:49:37.783000Z;SE0015961909;2024-02-23 16:49:37;2024-02-23T15:49:37.783000Z;SEK;XSTO;XSTO;MONE;false;12-------PH---;000817920;121.600;552;;;
2024-02-23 16:48:44;2024-02-23T15:48:44.853000Z;SE0015961909;2024-02-23 16:48:44;2024-02-23T15:48:44.853000Z;SEK;XSTO;XSTO;MONE;false;12-------PH---;000816142;121.600;773;;;
2024-02-23 16:48:44;2024-02-23T15:48:44.853000Z;SE0015961909;2024-02-23 16:48:44;2024-02-23T15:48:44.853000Z;SEK;XSTO;XSTO;MONE;false;12-------P----;000816141;121.600;236;;;
2024-02-23 16:48:44;2024-02-23T15:48:44.853000Z;SE0015961909;2024-02-23 16:48:44;2024-02-23T15:48:44.853000Z;SEK;XSTO;XSTO;MONE;false;12-------PH---;000816140;121.600;488;;;
2024-02-23 16:48:44;2024-02-23T15:48:44.853000Z;SE0015961909;2024-02-23 16:48:44;2024-02-23T15:48:44.853000Z;SEK;XSTO;XSTO;MONE;false;12-------PH---;000816139;121.600;499;;;
2024-02-23 16:48:44;2024-02-23T15:48:44.560000Z;SE0015961909;2024-02-23 16:48:44;2024-02-23T15:48:44.560000Z;SEK;XSTO;XSTO;MONE;false;12-------PH---;000816127;121.600;482;;;
2024-02-23 16:48:44;2024-02-23T15:48:44.560000Z;SE0015961909;2024-02-23 16:48:44;2024-02-23T15:48:44.560000Z;SEK;XSTO;XSTO;MONE;false;12-------PH---;000816126;121.600;700;;;
2024-02-23 16:48:44;2024-02-23T15:48:44.533000Z;SE0015961909;2024-02-23 16:48:44;2024-02-23T15:48:44.533000Z;SEK;XSTO;XSTO;MONE;false;12-------PH---;000816125;121.600;700;;;
2024-02-23 16:48:44;2024-02-23T15:48:44.533000Z;SE0015961909;2024-02-23 16:48:44;2024-02-23T15:48:44.533000Z;SEK;XSTO;XSTO;MONE;false;12-------PH---;000816122;121.600;440;;;
2024-02-23 16:48:44;2024-02-23T15:48:44.533000Z;SE0015961909;2024-02-23 16:48:44;2024-02-23T15:48:44.533000Z;SEK;XSTO;XSTO;MONE;false;12-------PH---;000816121;121.600;529;;;
2024-02-23 16:48:44;2024-02-23T15:48:44.533000Z;SE0015961909;2024-02-23 16:48:44;2024-02-23T15:48:44.533000Z;SEK;XSTO;XSTO;MONE;false;12-------PH---;000816120;121.600;540;;;
2024-02-23 16:48:44;2024-02-23T15:48:44.533000Z;SE0015961909;2024-02-23 16:48:44;2024-02-23T15:48:44.533000Z;SEK;XSTO;XSTO;MONE;false;12-------PH---;000816119;121.600;711;;;
2024-02-23 16:48:44;2024-02-23T15:48:44.533000Z;SE0015961909;2024-02-23 16:48:44;2024-02-23T15:48:44.533000Z;SEK;XSTO;XSTO;MONE;false;12-------PH---;000816118;121.600;422;;;
2024-02-23 16:48:44;2024-02-23T15:48:44.533000Z;SE0015961909;2024-02-23 16:48:44;2024-02-23T15:48:44.533000Z;SEK;XSTO;XSTO;MONE;false;12-------PH---;000816117;121.600;70;;;
2024-02-23 16:48:44;2024-02-23T15:48:44.533000Z;SE0015961909;2024-02-23 16:48:44;2024-02-23T15:48:44.533000Z;SEK;XSTO;XSTO;MONE;false;12-------PH---;000816116;121.600;436;;;
2024-02-23 16:48:44;2024-02-23T15:48:44.533000Z;SE0015961909;2024-02-23 16:48:44;2024-02-23T15:48:44.533000Z;SEK;XSTO;XSTO;MONE;false;12-------PH---;000816115;121.600;93;;;
2024-02-23 16:48:44;2024-02-23T15:48:44.533000Z;SE0015961909;2024-02-23 16:48:44;2024-02-23T15:48:44.533000Z;SEK;XSTO;XSTO;MONE;false;12-------PH---;000816114;121.600;478;;;
2024-02-23 16:48:44;2024-02-23T15:48:44.533000Z;SE0015961909;2024-02-23 16:48:44;2024-02-23T15:48:44.533000Z;SEK;XSTO;XSTO;MONE;false;12-------PH---;000816113;121.600;680;;;
2024-02-23 16:48:44;2024-02-23T15:48:44.507000Z;SE0015961909;2024-02-23 16:48:44;2024-02-23T15:48:44.507000Z;SEK;MSTO;XSTO;MONE;false;5P-------PH---;000816111;121.600;32;;;Auction On Demand
2024-02-23 16:48:44;2024-02-23T15:48:44.507000Z;SE0015961909;2024-02-23 16:48:44;2024-02-23T15:48:44.507000Z;SEK;MSTO;XSTO;MONE;false;5P-------PH---;000816110;121.600;1069;;;Auction On Demand
2024-02-23 16:48:43;2024-02-23T15:48:43.150000Z;SE0015961909;2024-02-23 16:48:43;2024-02-23T15:48:43.150000Z;SEK;XSTO;XSTO;MONE;false;12-------PH---;000816063;121.600;20;;;
2024-02-23 16:48:13;2024-02-23T15:48:13.490000Z;SE0015961909;2024-02-23 16:48:13;2024-02-23T15:48:13.490000Z;SEK;XSTO;XSTO;MONE;false;12-------PH---;000815146;121.650;719;;;
2024-02-23 16:48:13;2024-02-23T15:48:13.490000Z;SE0015961909;2024-02-23 16:48:13;2024-02-23T15:48:13.490000Z;SEK;XSTO;XSTO;MONE;false;12-------PH---;000815145;121.650;444;;;
2024-02-23 16:48:13;2024-02-23T15:48:13.490000Z;SE0015961909;2024-02-23 16:48:13;2024-02-23T15:48:13.490000Z;SEK;XSTO;XSTO;MONE;false;12-------PH---;000815144;121.650;1000;;;
2024-02-23 16:48:13;2024-02-23T15:48:13.490000Z;SE0015961909;2024-02-23 16:48:13;2024-02-23T15:48:13.490000Z;SEK;XSTO;XSTO;MONE;false;12-------PH---;000815143;121.650;300;;;
2024-02-23 16:48:13;2024-02-23T15:48:13.490000Z;SE0015961909;2024-02-23 16:48:13;2024-02-23T15:48:13.490000Z;SEK;XSTO;XSTO;MONE;false;12-------PH---;000815142;121.650;341;;;
2024-02-23 16:48:13;2024-02-23T15:48:13.490000Z;SE0015961909;2024-02-23 16:48:13;2024-02-23T15:48:13.490000Z;SEK;XSTO;XSTO;MONE;false;12-------PH---;000815141;121.650;404;;;
2024-02-23 16:48:13;2024-02-23T15:48:13.490000Z;SE0015961909;2024-02-23 16:48:13;2024-02-23T15:48:13.490000Z;SEK;XSTO;XSTO;MONE;false;12-------PH---;000815140;121.650;58;;;
2024-02-23 16:48:13;2024-02-23T15:48:13.490000Z;SE0015961909;2024-02-23 16:48:13;2024-02-23T15:48:13.490000Z;SEK;XSTO;XSTO;MONE;false;12-------PH---;000815139;121.650;43;;;
2024-02-23 16:47:48;2024-02-23T15:47:48.730000Z;SE0015961909;2024-02-23 16:47:48;2024-02-23T15:47:48.730000Z;SEK;XSTO;XSTO;MONE;false;12-------PH---;000814275;121.700;45;;;
2024-02-23 16:47:16;2024-02-23T15:47:16.947000Z;SE0015961909;2024-02-23 16:47:16;2024-02-23T15:47:16.947000Z;SEK;XSTO;XSTO;MONE;false;12-------PH---;000813066;121.700;356;;;
2024-02-23 16:47:16;2024-02-23T15:47:16.947000Z;SE0015961909;2024-02-23 16:47:16;2024-02-23T15:47:16.947000Z;SEK;XSTO;XSTO;MONE;false;12-------P----;000813065;121.700;102;;;
2024-02-23 16:47:16;2024-02-23T15:47:16.947000Z;SE0015961909;2024-02-23 16:47:16;2024-02-23T15:47:16.947000Z;SEK;XSTO;XSTO;MONE;false;12-------PH---;000813064;121.700;748;;;
2024-02-23 16:47:15;2024-02-23T15:47:15.577000Z;SE0015961909;2024-02-23 16:47:15;2024-02-23T15:47:15.577000Z;SEK;XSTO;XSTO;MONE;false;12-------PH---;000813039;121.700;937;;;
2024-02-23 16:47:15;2024-02-23T15:47:15.577000Z;SE0015961909;2024-02-23 16:47:15;2024-02-23T15:47:15.577000Z;SEK;XSTO;XSTO;MONE;false;12-------PH---;000813038;121.700;41;;;
2024-02-23 16:47:15;2024-02-23T15:47:15.577000Z;SE0015961909;2024-02-23 16:47:15;2024-02-23T15:47:15.577000Z;SEK;XSTO;XSTO;MONE;false;12-------PH---;000813037;121.700;136;;;
2024-02-23 16:47:15;2024-02-23T15:47:15.577000Z;SE0015961909;2024-02-23 16:47:15;2024-02-23T15:47:15.577000Z;SEK;XSTO;XSTO;MONE;false;12-------PH---;000813036;121.700;270;;;
2024-02-23 16:47:15;2024-02-23T15:47:15.577000Z;SE0015961909;2024-02-23 16:47:15;2024-02-23T15:47:15.577000Z;SEK;XSTO;XSTO;MONE;false;12-------PH---;000813035;121.700;880;;;
2024-02-23 16:45:25;2024-02-23T15:45:25.950000Z;SE0015961909;2024-02-23 16:45:25;2024-02-23T15:45:25.950000Z;SEK;XSTO;XSTO;MONE;false;12-------PH---;000809825;121.700;57;;;
2024-02-23 16:45:25;2024-02-23T15:45:25.950000Z;SE0015961909;2024-02-23 16:45:25;2024-02-23T15:45:25.950000Z;SEK;XSTO;XSTO;MONE;false;12-------PH---;000809824;121.700;143;;;
2024-02-23 16:45:06;2024-02-23T15:45:06.797000Z;SE0015961909;2024-02-23 16:45:06;2024-02-23T15:45:06.797000Z;SEK;XSTO;XSTO;MONE;false;12-------PH---;000809379;121.700;65;;;
2024-02-23 16:44:47;2024-02-23T15:44:47.837000Z;SE0015961909;2024-02-23 16:44:47;2024-02-23T15:44:47.837000Z;SEK;XSTO;XSTO;MONE;false;12-------PH---;000808842;121.700;1;;;
2024-02-23 16:43:44;2024-02-23T15:43:44.330000Z;SE0015961909;2024-02-23 16:43:44;2024-02-23T15:43:44.330000Z;SEK;XSTO;XSTO;MONE;false;12-------PH---;000806714;121.700;330;;;
2024-02-23 16:42:28;2024-02-23T15:42:28.400000Z;SE0015961909;2024-02-23 16:42:28;2024-02-23T15:42:28.400000Z;SEK;XSTO;XSTO;MONE;false;12-------PH---;000804622;121.700;752;;;
2024-02-23 16:42:28;2024-02-23T15:42:28.400000Z;SE0015961909;2024-02-23 16:42:28;2024-02-23T15:42:28.400000Z;SEK;XSTO;XSTO;MONE;false;12-------PH---;000804621;121.700;359;;;
2024-02-23 16:42:28;2024-02-23T15:42:28.400000Z;SE0015961909;2024-02-23 16:42:28;2024-02-23T15:42:28.400000Z;SEK;XSTO;XSTO;MONE;false;12-------PH---;000804620;121.700;456;;;
2024-02-23 16:41:55;2024-02-23T15:41:55.793000Z;SE0015961909;2024-02-23 16:41:55;2024-02-23T15:41:55.793000Z;SEK;DSTO;XSTO;MONE;false;32D---S--PH---;000803787;121.720;154;;;Nordic@Mid trade
2024-02-23 16:41:28;2024-02-23T15:41:28.100000Z;SE0015961909;2024-02-23 16:41:28;2024-02-23T15:41:28.100000Z;SEK;XSTO;XSTO;MONE;false;12-------PH---;000803001;121.700;720;;;
2024-02-23 16:41:28;2024-02-23T15:41:28.100000Z;SE0015961909;2024-02-23 16:41:28;2024-02-23T15:41:28.100000Z;SEK;XSTO;XSTO;MONE;false;12-------PH---;000803000;121.700;477;;;
2024-02-23 16:41:28;2024-02-23T15:41:28.100000Z;SE0015961909;2024-02-23 16:41:28;2024-02-23T15:41:28.100000Z;SEK;XSTO;XSTO;MONE;false;12-------PH---;000802999;121.700;584;;;
2024-02-23 16:41:28;2024-02-23T15:41:28.100000Z;SE0015961909;2024-02-23 16:41:28;2024-02-23T15:41:28.100000Z;SEK;XSTO;XSTO;MONE;false;12-------PH---;000802998;121.700;734;;;
2024-02-23 16:41:21;2024-02-23T15:41:21.537000Z;SE0015961909;2024-02-23 16:41:21;2024-02-23T15:41:21.537000Z;SEK;XSTO;XSTO;MONE;false;12-------PH---;000802728;121.700;320;;;
2024-02-23 16:41:21;2024-02-23T15:41:21.537000Z;SE0015961909;2024-02-23 16:41:21;2024-02-23T15:41:21.537000Z;SEK;XSTO;XSTO;MONE;false;12-------PH---;000802727;121.700;1110;;;
2024-02-23 16:41:21;2024-02-23T15:41:21.537000Z;SE0015961909;2024-02-23 16:41:21;2024-02-23T15:41:21.537000Z;SEK;XSTO;XSTO;MONE;false;12-------PH---;000802726;121.700;400;;;
2024-02-23 16:41:21;2024-02-23T15:41:21.537000Z;SE0015961909;2024-02-23 16:41:21;2024-02-23T15:41:21.537000Z;SEK;XSTO;XSTO;MONE;false;12-------PH---;000802725;121.700;647;;;
2024-02-23 16:40:14;2024-02-23T15:40:14.610000Z;SE0015961909;2024-02-23 16:40:14;2024-02-23T15:40:14.610000Z;SEK;XSTO;XSTO;MONE;false;12-------PH---;000800819;121.700;679;;;
2024-02-23 16:40:14;2024-02-23T15:40:14.610000Z;SE0015961909;2024-02-23 16:40:14;2024-02-23T15:40:14.610000Z;SEK;XSTO;XSTO;MONE;false;12-------PH---;000800818;121.700;469;;;
2024-02-23 16:40:14;2024-02-23T15:40:14.610000Z;SE0015961909;2024-02-23 16:40:14;2024-02-23T15:40:14.610000Z;SEK;XSTO;XSTO;MONE;false;12-------PH---;000800817;121.700;270;;;
2024-02-23 16:40:14;2024-02-23T15:40:14.610000Z;SE0015961909;2024-02-23 16:40:14;2024-02-23T15:40:14.610000Z;SEK;XSTO;XSTO;MONE;false;12-------PH---;000800816;121.700;681;;;
2024-02-23 16:40:14;2024-02-23T15:40:14.610000Z;SE0015961909;2024-02-23 16:40:14;2024-02-23T15:40:14.610000Z;SEK;XSTO;XSTO;MONE;false;12-------PH---;000800815;121.700;43;;;
2024-02-23 16:40:05;2024-02-23T15:40:05.280000Z;SE0015961909;2024-02-23 16:40:05;2024-02-23T15:40:05.280000Z;SEK;XSTO;XSTO;MONE;false;12-------PH---;000800496;121.700;426;;;
2024-02-23 16:40:05;2024-02-23T15:40:05.280000Z;SE0015961909;2024-02-23 16:40:05;2024-02-23T15:40:05.280000Z;SEK;XSTO;XSTO;MONE;false;12-------PH---;000800495;121.700;1240;;;
2024-02-23 16:40:05;2024-02-23T15:40:05.280000Z;SE0015961909;2024-02-23 16:40:05;2024-02-23T15:40:05.280000Z;SEK;XSTO;XSTO;MONE;false;12-------PH---;000800494;121.700;483;;;
2024-02-23 16:40:05;2024-02-23T15:40:05.280000Z;SE0015961909;2024-02-23 16:40:05;2024-02-23T15:40:05.280000Z;SEK;XSTO;XSTO;MONE;false;12-------PH---;000800493;121.700;417;;;
2024-02-23 16:40:05;2024-02-23T15:40:05.280000Z;SE0015961909;2024-02-23 16:40:05;2024-02-23T15:40:05.280000Z;SEK;XSTO;XSTO;MONE;false;12-------PH---;000800492;121.700;846;;;
2024-02-23 16:39:23;2024-02-23T15:39:23.203000Z;SE0015961909;2024-02-23 16:39:23;2024-02-23T15:39:23.203000Z;SEK;XSTO;XSTO;MONE;false;12-------PH---;000799251;121.700;116;;;
2024-02-23 16:39:05;2024-02-23T15:39:05.630000Z;SE0015961909;2024-02-23 16:39:05;2024-02-23T15:39:05.630000Z;SEK;XSTO;XSTO;MONE;false;12-------PH---;000798735;121.700;500;;;
2024-02-23 16:38:17;2024-02-23T15:38:17.423000Z;SE0015961909;2024-02-23 16:38:17;2024-02-23T15:38:17.423000Z;SEK;XSTO;XSTO;MONE;false;12-------PH---;000797519;121.700;235;;;
2024-02-23 16:38:17;2024-02-23T15:38:17.423000Z;SE0015961909;2024-02-23 16:38:17;2024-02-23T15:38:17.423000Z;SEK;XSTO;XSTO;MONE;false;12-------PH---;000797518;121.700;430;;;
2024-02-23 16:38:10;2024-02-23T15:38:10.590000Z;SE0015961909;2024-02-23 16:38:10;2024-02-23T15:38:10.590000Z;SEK;XSTO;XSTO;MONE;false;12-------PH---;000797240;121.650;10;;;
2024-02-23 16:37:02;2024-02-23T15:37:02.950000Z;SE0015961909;2024-02-23 16:37:02;2024-02-23T15:37:02.950000Z;SEK;XSTO;XSTO;MONE;false;12-------PH---;000795415;121.700;270;;;
2024-02-23 16:37:02;2024-02-23T15:37:02.933000Z;SE0015961909;2024-02-23 16:37:02;2024-02-23T15:37:02.933000Z;SEK;XSTO;XSTO;MONE;false;12-------PH---;000795414;121.700;282;;;
2024-02-23 16:37:02;2024-02-23T15:37:02.933000Z;SE0015961909;2024-02-23 16:37:02;2024-02-23T15:37:02.933000Z;SEK;XSTO;XSTO;MONE;false;12-------PH---;000795413;121.700;614;;;
2024-02-23 16:37:02;2024-02-23T15:37:02.933000Z;SE0015961909;2024-02-23 16:37:02;2024-02-23T15:37:02.933000Z;SEK;XSTO;XSTO;MONE;false;12-------PH---;000795412;121.700;340;;;
2024-02-23 16:36:52;2024-02-23T15:36:52.497000Z;SE0015961909;2024-02-23 16:36:52;2024-02-23T15:36:52.497000Z;SEK;XSTO;XSTO;MONE;false;12-------PH---;000794866;121.700;164;;;
2024-02-23 16:36:52;2024-02-23T15:36:52.497000Z;SE0015961909;2024-02-23 16:36:52;2024-02-23T15:36:52.497000Z;SEK;XSTO;XSTO;MONE;false;12-------PH---;000794865;121.700;953;;;
2024-02-23 16:36:52;2024-02-23T15:36:52.497000Z;SE0015961909;2024-02-23 16:36:52;2024-02-23T15:36:52.497000Z;SEK;XSTO;XSTO;MONE;false;12-------PH---;000794864;121.700;830;;;
2024-02-23 16:36:52;2024-02-23T15:36:52.497000Z;SE0015961909;2024-02-23 16:36:52;2024-02-23T15:36:52.497000Z;SEK;XSTO;XSTO;MONE;false;12-------PH---;000794863;121.700;40;;;
2024-02-23 16:36:52;2024-02-23T15:36:52.497000Z;SE0015961909;2024-02-23 16:36:52;2024-02-23T15:36:52.497000Z;SEK;XSTO;XSTO;MONE;false;12-------PH---;000794862;121.700;455;;;
2024-02-23 16:36:52;2024-02-23T15:36:52.497000Z;SE0015961909;2024-02-23 16:36:52;2024-02-23T15:36:52.497000Z;SEK;XSTO;XSTO;MONE;false;12-------PH---;000794861;121.700;700;;;
2024-02-23 16:36:52;2024-02-23T15:36:52.497000Z;SE0015961909;2024-02-23 16:36:52;2024-02-23T15:36:52.497000Z;SEK;XSTO;XSTO;MONE;false;12-------PH---;000794860;121.700;101;;;
2024-02-23 16:35:55;2024-02-23T15:35:55.607000Z;SE0015961909;2024-02-23 16:35:55;2024-02-23T15:35:55.607000Z;SEK;XSTO;XSTO;MONE;false;12-------PH---;000793195;121.700;41;;;
2024-02-23 16:35:04;2024-02-23T15:35:04.490000Z;SE0015961909;2024-02-23 16:35:04;2024-02-23T15:35:04.490000Z;SEK;XSTO;XSTO;MONE;false;12-------PH---;000791823;121.700;150;;;
2024-02-23 16:34:07;2024-02-23T15:34:07.787000Z;SE0015961909;2024-02-23 16:34:07;2024-02-23T15:34:07.787000Z;SEK;XSTO;XSTO;MONE;false;12-------PH---;000790317;121.650;600;;;
2024-02-23 16:34:07;2024-02-23T15:34:07.787000Z;SE0015961909;2024-02-23 16:34:07;2024-02-23T15:34:07.787000Z;SEK;XSTO;XSTO;MONE;false;12-------PH---;000790316;121.650;409;;;
2024-02-23 16:34:07;2024-02-23T15:34:07.787000Z;SE0015961909;2024-02-23 16:34:07;2024-02-23T15:34:07.787000Z;SEK;XSTO;XSTO;MONE;false;12-------PH---;000790315;121.650;442;;;
2024-02-23 16:33:20;2024-02-23T15:33:20.880000Z;SE0015961909;2024-02-23 16:33:20;2024-02-23T15:33:20.880000Z;SEK;XSTO;XSTO;MONE;false;12-------PH---;000789022;121.700;424;;;
2024-02-23 16:33:20;2024-02-23T15:33:20.880000Z;SE0015961909;2024-02-23 16:33:20;2024-02-23T15:33:20.880000Z;SEK;XSTO;XSTO;MONE;false;12-------PH---;000789021;121.700;182;;;
2024-02-23 16:33:20;2024-02-23T15:33:20.880000Z;SE0015961909;2024-02-23 16:33:20;2024-02-23T15:33:20.880000Z;SEK;XSTO;XSTO;MONE;false;12-------PH---;000789020;121.700;150;;;
2024-02-23 16:33:01;2024-02-23T15:33:01.483000Z;SE0015961909;2024-02-23 16:33:01;2024-02-23T15:33:01.483000Z;SEK;XSTO;XSTO;MONE;false;12-------PH---;000788456;121.650;532;;;
2024-02-23 16:33:01;2024-02-23T15:33:01.483000Z;SE0015961909;2024-02-23 16:33:01;2024-02-23T15:33:01.483000Z;SEK;XSTO;XSTO;MONE;false;12-------PH---;000788455;121.650;418;;;
2024-02-23 16:33:01;2024-02-23T15:33:01.483000Z;SE0015961909;2024-02-23 16:33:01;2024-02-23T15:33:01.483000Z;SEK;XSTO;XSTO;MONE;false;12-------PH---;000788454;121.650;126;;;
2024-02-23 16:33:01;2024-02-23T15:33:01.483000Z;SE0015961909;2024-02-23 16:33:01;2024-02-23T15:33:01.483000Z;SEK;XSTO;XSTO;MONE;false;12-------P----;000788453;121.650;1237;;;
2024-02-23 16:32:23;2024-02-23T15:32:23.900000Z;SE0015961909;2024-02-23 16:32:23;2024-02-23T15:32:23.900000Z;SEK;XSTO;XSTO;MONE;false;12-------PH---;000787406;121.650;503;;;
2024-02-23 16:32:23;2024-02-23T15:32:23.900000Z;SE0015961909;2024-02-23 16:32:23;2024-02-23T15:32:23.900000Z;SEK;XSTO;XSTO;MONE;false;12-------PH---;000787405;121.650;500;;;
2024-02-23 16:32:23;2024-02-23T15:32:23.900000Z;SE0015961909;2024-02-23 16:32:23;2024-02-23T15:32:23.900000Z;SEK;XSTO;XSTO;MONE;false;12-------PH---;000787404;121.650;772;;;
2024-02-23 16:32:23;2024-02-23T15:32:23.900000Z;SE0015961909;2024-02-23 16:32:23;2024-02-23T15:32:23.900000Z;SEK;XSTO;XSTO;MONE;false;12-------P----;000787403;121.650;786;;;
2024-02-23 16:32:23;2024-02-23T15:32:23.847000Z;SE0015961909;2024-02-23 16:32:23;2024-02-23T15:32:23.847000Z;SEK;XSTO;XSTO;MONE;false;12-------P----;000787400;121.650;238;;;
2024-02-23 16:32:23;2024-02-23T15:32:23.847000Z;SE0015961909;2024-02-23 16:32:23;2024-02-23T15:32:23.847000Z;SEK;XSTO;XSTO;MONE;false;12-------P----;000787399;121.650;408;;;
2024-02-23 16:32:23;2024-02-23T15:32:23.847000Z;SE0015961909;2024-02-23 16:32:23;2024-02-23T15:32:23.847000Z;SEK;XSTO;XSTO;MONE;false;12-------P----;000787398;121.650;745;;;
2024-02-23 16:32:23;2024-02-23T15:32:23.847000Z;SE0015961909;2024-02-23 16:32:23;2024-02-23T15:32:23.847000Z;SEK;XSTO;XSTO;MONE;false;12-------PH---;000787397;121.650;165;;;
2024-02-23 16:32:23;2024-02-23T15:32:23.847000Z;SE0015961909;2024-02-23 16:32:23;2024-02-23T15:32:23.847000Z;SEK;XSTO;XSTO;MONE;false;12-------PH---;000787396;121.650;503;;;
2024-02-23 16:32:17;2024-02-23T15:32:17.343000Z;SE0015961909;2024-02-23 16:32:17;2024-02-23T15:32:17.343000Z;SEK;XSTO;XSTO;MONE;false;12-------PH---;000787202;121.650;10;;;
2024-02-23 16:32:04;2024-02-23T15:32:04.653000Z;SE0015961909;2024-02-23 16:32:04;2024-02-23T15:32:04.653000Z;SEK;DSTO;XSTO;MONE;false;32D---S--PH---;000786807;121.630;129;;;Nordic@Mid trade
2024-02-23 16:31:54;2024-02-23T15:31:54.857000Z;SE0015961909;2024-02-23 16:31:54;2024-02-23T15:31:54.857000Z;SEK;DSTO;XSTO;MONE;false;32D---S--PH---;000786539;121.630;25;;;Nordic@Mid trade
2024-02-23 16:31:42;2024-02-23T15:31:42.917000Z;SE0015961909;2024-02-23 16:31:42;2024-02-23T15:31:42.917000Z;SEK;XSTO;XSTO;MONE;false;12-------PH---;000786118;121.600;349;;;
2024-02-23 16:31:42;2024-02-23T15:31:42.917000Z;SE0015961909;2024-02-23 16:31:42;2024-02-23T15:31:42.917000Z;SEK;XSTO;XSTO;MONE;false;12-------PH---;000786117;121.600;25;;;
2024-02-23 16:31:42;2024-02-23T15:31:42.917000Z;SE0015961909;2024-02-23 16:31:42;2024-02-23T15:31:42.917000Z;SEK;XSTO;XSTO;MONE;false;12-------PH---;000786116;121.600;44;;;
2024-02-23 16:31:42;2024-02-23T15:31:42.917000Z;SE0015961909;2024-02-23 16:31:42;2024-02-23T15:31:42.917000Z;SEK;XSTO;XSTO;MONE;false;12-------PH---;000786115;121.600;160;;;
2024-02-23 16:30:44;2024-02-23T15:30:44.500000Z;SE0015961909;2024-02-23 16:30:44;2024-02-23T15:30:44.500000Z;SEK;XSTO;XSTO;MONE;false;12-------P----;000784501;121.600;207;;;
2024-02-23 16:29:45;2024-02-23T15:29:45.623000Z;SE0015961909;2024-02-23 16:29:45;2024-02-23T15:29:45.623000Z;SEK;XSTO;XSTO;MONE;false;12-------PH---;000782370;121.600;270;;;
2024-02-23 16:29:45;2024-02-23T15:29:45.613000Z;SE0015961909;2024-02-23 16:29:45;2024-02-23T15:29:45.613000Z;SEK;XSTO;XSTO;MONE;false;12-------PH---;000782369;121.600;40;;;
2024-02-23 16:29:45;2024-02-23T15:29:45.613000Z;SE0015961909;2024-02-23 16:29:45;2024-02-23T15:29:45.613000Z;SEK;XSTO;XSTO;MONE;false;12-------PH---;000782368;121.600;433;;;
2024-02-23 16:29:44;2024-02-23T15:29:44.947000Z;SE0015961909;2024-02-23 16:29:44;2024-02-23T15:29:44.947000Z;SEK;XSTO;XSTO;MONE;false;12-------PH---;000782340;121.650;164;;;
2024-02-23 16:29:32;2024-02-23T15:29:32.970000Z;SE0015961909;2024-02-23 16:29:32;2024-02-23T15:29:32.970000Z;SEK;XSTO;XSTO;MONE;false;12-------PH---;000781862;121.650;82;;;
2024-02-23 16:29:32;2024-02-23T15:29:32.970000Z;SE0015961909;2024-02-23 16:29:32;2024-02-23T15:29:32.970000Z;SEK;XSTO;XSTO;MONE;false;12-------PH---;000781861;121.650;186;;;
2024-02-23 16:29:32;2024-02-23T15:29:32.970000Z;SE0015961909;2024-02-23 16:29:32;2024-02-23T15:29:32.970000Z;SEK;XSTO;XSTO;MONE;false;12-------PH---;000781860;121.650;100;;;
2024-02-23 16:29:32;2024-02-23T15:29:32.970000Z;SE0015961909;2024-02-23 16:29:32;2024-02-23T15:29:32.970000Z;SEK;XSTO;XSTO;MONE;false;12-------PH---;000781859;121.650;116;;;
2024-02-23 16:29:32;2024-02-23T15:29:32.970000Z;SE0015961909;2024-02-23 16:29:32;2024-02-23T15:29:32.970000Z;SEK;XSTO;XSTO;MONE;false;12-------PH---;000781858;121.650;279;;;
2024-02-23 16:29:32;2024-02-23T15:29:32.970000Z;SE0015961909;2024-02-23 16:29:32;2024-02-23T15:29:32.970000Z;SEK;XSTO;XSTO;MONE;false;12-------PH---;000781857;121.650;380;;;
2024-02-23 16:29:32;2024-02-23T15:29:32.970000Z;SE0015961909;2024-02-23 16:29:32;2024-02-23T15:29:32.970000Z;SEK;XSTO;XSTO;MONE;false;12-------PH---;000781856;121.650;1188;;;
2024-02-23 16:29:32;2024-02-23T15:29:32.970000Z;SE0015961909;2024-02-23 16:29:32;2024-02-23T15:29:32.970000Z;SEK;XSTO;XSTO;MONE;false;12-------PH---;000781855;121.650;270;;;
2024-02-23 16:27:45;2024-02-23T15:27:45.060000Z;SE0015961909;2024-02-23 16:27:45;2024-02-23T15:27:45.060000Z;SEK;XSTO;XSTO;MONE;false;12-------PH---;000778573;121.700;110;;;
2024-02-23 16:27:37;2024-02-23T15:27:37.130000Z;SE0015961909;2024-02-23 16:27:37;2024-02-23T15:27:37.130000Z;SEK;XSTO;XSTO;MONE;false;12-------PH---;000778359;121.650;601;;;
2024-02-23 16:27:37;2024-02-23T15:27:37.130000Z;SE0015961909;2024-02-23 16:27:37;2024-02-23T15:27:37.130000Z;SEK;XSTO;XSTO;MONE;false;12-------P----;000778358;121.650;368;;;
2024-02-23 16:27:04;2024-02-23T15:27:04.913000Z;SE0015961909;2024-02-23 16:27:04;2024-02-23T15:27:04.913000Z;SEK;XSTO;XSTO;MONE;false;12-------PH---;000777293;121.700;109;;;
2024-02-23 16:27:04;2024-02-23T15:27:04.913000Z;SE0015961909;2024-02-23 16:27:04;2024-02-23T15:27:04.913000Z;SEK;XSTO;XSTO;MONE;false;12-------PH---;000777292;121.700;109;;;
2024-02-23 16:27:02;2024-02-23T15:27:02.217000Z;SE0015961909;2024-02-23 16:27:02;2024-02-23T15:27:02.217000Z;SEK;XSTO;XSTO;MONE;false;12-------PH---;000777129;121.750;22;;;
2024-02-23 16:27:02;2024-02-23T15:27:02.217000Z;SE0015961909;2024-02-23 16:27:02;2024-02-23T15:27:02.217000Z;SEK;XSTO;XSTO;MONE;false;12-------PH---;000777128;121.750;55;;;
2024-02-23 16:26:57;2024-02-23T15:26:57.733000Z;SE0015961909;2024-02-23 16:26:57;2024-02-23T15:26:57.733000Z;SEK;XSTO;XSTO;MONE;false;12-------PH---;000776937;121.700;594;;;
2024-02-23 16:26:57;2024-02-23T15:26:57.733000Z;SE0015961909;2024-02-23 16:26:57;2024-02-23T15:26:57.733000Z;SEK;XSTO;XSTO;MONE;false;12-------PH---;000776936;121.700;438;;;
2024-02-23 16:26:57;2024-02-23T15:26:57.733000Z;SE0015961909;2024-02-23 16:26:57;2024-02-23T15:26:57.733000Z;SEK;XSTO;XSTO;MONE;false;12-------PH---;000776935;121.700;424;;;
2024-02-23 16:26:57;2024-02-23T15:26:57.733000Z;SE0015961909;2024-02-23 16:26:57;2024-02-23T15:26:57.733000Z;SEK;XSTO;XSTO;MONE;false;12-------PH---;000776934;121.700;740;;;
2024-02-23 16:26:57;2024-02-23T15:26:57.733000Z;SE0015961909;2024-02-23 16:26:57;2024-02-23T15:26:57.733000Z;SEK;XSTO;XSTO;MONE;false;12-------PH---;000776933;121.700;488;;;
2024-02-23 16:26:57;2024-02-23T15:26:57.733000Z;SE0015961909;2024-02-23 16:26:57;2024-02-23T15:26:57.733000Z;SEK;XSTO;XSTO;MONE;false;12-------PH---;000776932;121.700;700;;;
2024-02-23 16:26:57;2024-02-23T15:26:57.733000Z;SE0015961909;2024-02-23 16:26:57;2024-02-23T15:26:57.733000Z;SEK;XSTO;XSTO;MONE;false;12-------PH---;000776931;121.700;159;;;
2024-02-23 16:26:57;2024-02-23T15:26:57.733000Z;SE0015961909;2024-02-23 16:26:57;2024-02-23T15:26:57.733000Z;SEK;XSTO;XSTO;MONE;false;12-------PH---;000776919;121.700;110;;;
2024-02-23 16:26:17;2024-02-23T15:26:17.257000Z;SE0015961909;2024-02-23 16:26:17;2024-02-23T15:26:17.257000Z;SEK;XSTO;XSTO;MONE;false;12-------PH---;000775914;121.700;1;;;
2024-02-23 16:25:39;2024-02-23T15:25:39.067000Z;SE0015961909;2024-02-23 16:25:39;2024-02-23T15:25:39.067000Z;SEK;XSTO;XSTO;MONE;false;12-------PH---;000774968;121.650;40;;;
2024-02-23 16:25:39;2024-02-23T15:25:39.067000Z;SE0015961909;2024-02-23 16:25:39;2024-02-23T15:25:39.067000Z;SEK;XSTO;XSTO;MONE;false;12-------PH---;000774967;121.650;472;;;
2024-02-23 16:25:39;2024-02-23T15:25:39.067000Z;SE0015961909;2024-02-23 16:25:39;2024-02-23T15:25:39.067000Z;SEK;XSTO;XSTO;MONE;false;12-------PH---;000774966;121.650;270;;;
2024-02-23 16:25:39;2024-02-23T15:25:39.067000Z;SE0015961909;2024-02-23 16:25:39;2024-02-23T15:25:39.067000Z;SEK;XSTO;XSTO;MONE;false;12-------PH---;000774965;121.650;109;;;
2024-02-23 16:25:39;2024-02-23T15:25:39.067000Z;SE0015961909;2024-02-23 16:25:39;2024-02-23T15:25:39.067000Z;SEK;XSTO;XSTO;MONE;false;12-------PH---;000774964;121.650;109;;;
2024-02-23 16:24:43;2024-02-23T15:24:43.443000Z;SE0015961909;2024-02-23 16:24:43;2024-02-23T15:24:43.443000Z;SEK;XSTO;XSTO;MONE;false;12-------PH---;000773315;121.650;198;;;
2024-02-23 16:24:41;2024-02-23T15:24:41.003000Z;SE0015961909;2024-02-23 16:24:41;2024-02-23T15:24:41.003000Z;SEK;XSTO;XSTO;MONE;false;12-------PH---;000773212;121.650;50;;;
2024-02-23 16:24:21;2024-02-23T15:24:21.127000Z;SE0015961909;2024-02-23 16:24:21;2024-02-23T15:24:21.127000Z;SEK;XSTO;XSTO;MONE;false;12-------PH---;000772761;121.600;399;;;
2024-02-23 16:24:21;2024-02-23T15:24:21.127000Z;SE0015961909;2024-02-23 16:24:21;2024-02-23T15:24:21.127000Z;SEK;XSTO;XSTO;MONE;false;12-------PH---;000772760;121.600;919;;;
2024-02-23 16:24:07;2024-02-23T15:24:07.513000Z;SE0015961909;2024-02-23 16:24:07;2024-02-23T15:24:07.513000Z;SEK;XSTO;XSTO;MONE;false;12-------PH---;000772428;121.600;1;;;
2024-02-23 16:22:59;2024-02-23T15:22:59.603000Z;SE0015961909;2024-02-23 16:22:59;2024-02-23T15:22:59.603000Z;SEK;XSTO;XSTO;MONE;false;12-------PH---;000770581;121.600;836;;;
2024-02-23 16:22:59;2024-02-23T15:22:59.603000Z;SE0015961909;2024-02-23 16:22:59;2024-02-23T15:22:59.603000Z;SEK;XSTO;XSTO;MONE;false;12-------PH---;000770580;121.600;511;;;
2024-02-23 16:22:59;2024-02-23T15:22:59.590000Z;SE0015961909;2024-02-23 16:22:59;2024-02-23T15:22:59.590000Z;SEK;XSTO;XSTO;MONE;false;12-------PH---;000770577;121.600;40;;;
2024-02-23 16:22:59;2024-02-23T15:22:59.590000Z;SE0015961909;2024-02-23 16:22:59;2024-02-23T15:22:59.590000Z;SEK;XSTO;XSTO;MONE;false;12-------PH---;000770576;121.600;728;;;
2024-02-23 16:22:59;2024-02-23T15:22:59.510000Z;SE0015961909;2024-02-23 16:22:59;2024-02-23T15:22:59.510000Z;SEK;XSTO;XSTO;MONE;false;12-------P----;000770556;121.600;475;;;
2024-02-23 16:22:59;2024-02-23T15:22:59.510000Z;SE0015961909;2024-02-23 16:22:59;2024-02-23T15:22:59.510000Z;SEK;XSTO;XSTO;MONE;false;12-------P----;000770555;121.600;380;;;
2024-02-23 16:22:59;2024-02-23T15:22:59.510000Z;SE0015961909;2024-02-23 16:22:59;2024-02-23T15:22:59.510000Z;SEK;XSTO;XSTO;MONE;false;12-------P----;000770554;121.600;428;;;
2024-02-23 16:22:59;2024-02-23T15:22:59.510000Z;SE0015961909;2024-02-23 16:22:59;2024-02-23T15:22:59.510000Z;SEK;XSTO;XSTO;MONE;false;12-------PH---;000770553;121.600;270;;;
2024-02-23 16:22:29;2024-02-23T15:22:29.460000Z;SE0015961909;2024-02-23 16:22:29;2024-02-23T15:22:29.460000Z;SEK;XSTO;XSTO;MONE;false;12-------PH---;000769956;121.600;441;;;
2024-02-23 16:22:29;2024-02-23T15:22:29.460000Z;SE0015961909;2024-02-23 16:22:29;2024-02-23T15:22:29.460000Z;SEK;XSTO;XSTO;MONE;false;12-------PH---;000769955;121.600;59;;;
2024-02-23 16:22:29;2024-02-23T15:22:29.460000Z;SE0015961909;2024-02-23 16:22:29;2024-02-23T15:22:29.460000Z;SEK;XSTO;XSTO;MONE;false;12-------PH---;000769954;121.600;529;;;
2024-02-23 16:21:35;2024-02-23T15:21:35.570000Z;SE0015961909;2024-02-23 16:21:35;2024-02-23T15:21:35.570000Z;SEK;XSTO;XSTO;MONE;false;12-------PH---;000768118;121.600;278;;;
2024-02-23 16:21:35;2024-02-23T15:21:35.570000Z;SE0015961909;2024-02-23 16:21:35;2024-02-23T15:21:35.570000Z;SEK;XSTO;XSTO;MONE;false;12-------PH---;000768117;121.600;237;;;
2024-02-23 16:21:14;2024-02-23T15:21:14.497000Z;SE0015961909;2024-02-23 16:21:14;2024-02-23T15:21:14.497000Z;SEK;XSTO;XSTO;MONE;false;12-------PH---;000767638;121.600;492;;;
2024-02-23 16:21:14;2024-02-23T15:21:14.460000Z;SE0015961909;2024-02-23 16:21:14;2024-02-23T15:21:14.460000Z;SEK;XSTO;XSTO;MONE;false;12-------PH---;000767637;121.600;68;;;
2024-02-23 16:21:14;2024-02-23T15:21:14.460000Z;SE0015961909;2024-02-23 16:21:14;2024-02-23T15:21:14.460000Z;SEK;XSTO;XSTO;MONE;false;12-------PH---;000767636;121.600;310;;;
2024-02-23 16:21:12;2024-02-23T15:21:12.790000Z;SE0015961909;2024-02-23 16:21:12;2024-02-23T15:21:12.790000Z;SEK;XSTO;XSTO;MONE;false;12-------PH---;000767603;121.600;72;;;
2024-02-23 16:21:12;2024-02-23T15:21:12.790000Z;SE0015961909;2024-02-23 16:21:12;2024-02-23T15:21:12.790000Z;SEK;XSTO;XSTO;MONE;false;12-------PH---;000767602;121.600;1024;;;
2024-02-23 16:21:12;2024-02-23T15:21:12.790000Z;SE0015961909;2024-02-23 16:21:12;2024-02-23T15:21:12.790000Z;SEK;XSTO;XSTO;MONE;false;12-------PH---;000767601;121.600;29;;;
2024-02-23 16:21:12;2024-02-23T15:21:12.790000Z;SE0015961909;2024-02-23 16:21:12;2024-02-23T15:21:12.790000Z;SEK;XSTO;XSTO;MONE;false;12-------PH---;000767600;121.600;419;;;
2024-02-23 16:21:12;2024-02-23T15:21:12.790000Z;SE0015961909;2024-02-23 16:21:12;2024-02-23T15:21:12.790000Z;SEK;XSTO;XSTO;MONE;false;12-------PH---;000767599;121.600;700;;;
2024-02-23 16:21:12;2024-02-23T15:21:12.790000Z;SE0015961909;2024-02-23 16:21:12;2024-02-23T15:21:12.790000Z;SEK;XSTO;XSTO;MONE;false;12-------PH---;000767598;121.600;270;;;
2024-02-23 16:20:17;2024-02-23T15:20:17.563000Z;SE0015961909;2024-02-23 16:20:17;2024-02-23T15:20:17.563000Z;SEK;XSTO;XSTO;MONE;false;12-------PH---;000766181;121.600;349;;;
2024-02-23 16:20:17;2024-02-23T15:20:17.563000Z;SE0015961909;2024-02-23 16:20:17;2024-02-23T15:20:17.563000Z;SEK;XSTO;XSTO;MONE;false;12-------PH---;000766180;121.600;495;;;
2024-02-23 16:20:17;2024-02-23T15:20:17.563000Z;SE0015961909;2024-02-23 16:20:17;2024-02-23T15:20:17.563000Z;SEK;XSTO;XSTO;MONE;false;12-------PH---;000766179;121.600;700;;;
2024-02-23 16:20:17;2024-02-23T15:20:17.563000Z;SE0015961909;2024-02-23 16:20:17;2024-02-23T15:20:17.563000Z;SEK;XSTO;XSTO;MONE;false;12-------PH---;000766178;121.600;50;;;
2024-02-23 16:18:23;2024-02-23T15:18:23.323000Z;SE0015961909;2024-02-23 16:18:23;2024-02-23T15:18:23.323000Z;SEK;XSTO;XSTO;MONE;false;12-------PH---;000763331;121.600;459;;;
2024-02-23 16:18:23;2024-02-23T15:18:23.323000Z;SE0015961909;2024-02-23 16:18:23;2024-02-23T15:18:23.323000Z;SEK;XSTO;XSTO;MONE;false;12-------PH---;000763330;121.600;269;;;
2024-02-23 16:18:23;2024-02-23T15:18:23.323000Z;SE0015961909;2024-02-23 16:18:23;2024-02-23T15:18:23.323000Z;SEK;XSTO;XSTO;MONE;false;12-------PH---;000763329;121.600;117;;;
2024-02-23 16:18:23;2024-02-23T15:18:23.323000Z;SE0015961909;2024-02-23 16:18:23;2024-02-23T15:18:23.323000Z;SEK;XSTO;XSTO;MONE;false;12-------PH---;000763328;121.600;704;;;
2024-02-23 16:18:23;2024-02-23T15:18:23.323000Z;SE0015961909;2024-02-23 16:18:23;2024-02-23T15:18:23.323000Z;SEK;XSTO;XSTO;MONE;false;12-------PH---;000763327;121.600;270;;;
2024-02-23 16:18:10;2024-02-23T15:18:10.537000Z;SE0015961909;2024-02-23 16:18:10;2024-02-23T15:18:10.537000Z;SEK;XSTO;XSTO;MONE;false;12-------PH---;000763003;121.650;400;;;
2024-02-23 16:15:40;2024-02-23T15:15:40.277000Z;SE0015961909;2024-02-23 16:15:40;2024-02-23T15:15:40.277000Z;SEK;XSTO;XSTO;MONE;false;12-------PH---;000758875;121.650;58;;;
2024-02-23 16:15:10;2024-02-23T15:15:10.843000Z;SE0015961909;2024-02-23 16:15:10;2024-02-23T15:15:10.843000Z;SEK;XSTO;XSTO;MONE;false;12-------P----;000758220;121.650;639;;;
2024-02-23 16:15:10;2024-02-23T15:15:10.843000Z;SE0015961909;2024-02-23 16:15:10;2024-02-23T15:15:10.843000Z;SEK;DSTO;XSTO;MONE;false;32D---S--PH---;000758219;121.630;5701;;;Nordic@Mid trade
2024-02-23 16:14:27;2024-02-23T15:14:27.223000Z;SE0015961909;2024-02-23 16:14:27;2024-02-23T15:14:27.223000Z;SEK;XSTO;XSTO;MONE;false;12-------PH---;000757233;121.600;45;;;
2024-02-23 16:14:27;2024-02-23T15:14:27.223000Z;SE0015961909;2024-02-23 16:14:27;2024-02-23T15:14:27.223000Z;SEK;XSTO;XSTO;MONE;false;12-------PH---;000757232;121.600;41;;;
2024-02-23 16:14:27;2024-02-23T15:14:27.223000Z;SE0015961909;2024-02-23 16:14:27;2024-02-23T15:14:27.223000Z;SEK;XSTO;XSTO;MONE;false;12-------PH---;000757231;121.600;41;;;
2024-02-23 16:14:27;2024-02-23T15:14:27.223000Z;SE0015961909;2024-02-23 16:14:27;2024-02-23T15:14:27.223000Z;SEK;XSTO;XSTO;MONE;false;12-------PH---;000757230;121.600;870;;;
2024-02-23 16:14:11;2024-02-23T15:14:11.270000Z;SE0015961909;2024-02-23 16:14:11;2024-02-23T15:14:11.270000Z;SEK;XSTO;XSTO;MONE;false;12-------PH---;000756901;121.600;26;;;
2024-02-23 16:13:31;2024-02-23T15:13:31.197000Z;SE0015961909;2024-02-23 16:13:31;2024-02-23T15:13:31.197000Z;SEK;XSTO;XSTO;MONE;false;12-------P----;000755877;121.550;529;;;
2024-02-23 16:13:31;2024-02-23T15:13:31.197000Z;SE0015961909;2024-02-23 16:13:31;2024-02-23T15:13:31.197000Z;SEK;XSTO;XSTO;MONE;false;12-------P----;000755876;121.550;411;;;
2024-02-23 16:13:31;2024-02-23T15:13:31.197000Z;SE0015961909;2024-02-23 16:13:31;2024-02-23T15:13:31.197000Z;SEK;XSTO;XSTO;MONE;false;12-------PH---;000755875;121.550;164;;;
2024-02-23 16:13:31;2024-02-23T15:13:31.197000Z;SE0015961909;2024-02-23 16:13:31;2024-02-23T15:13:31.197000Z;SEK;XSTO;XSTO;MONE;false;12-------PH---;000755874;121.550;270;;;
2024-02-23 16:12:53;2024-02-23T15:12:53.400000Z;SE0015961909;2024-02-23 16:12:53;2024-02-23T15:12:53.400000Z;SEK;XSTO;XSTO;MONE;false;12-------PH---;000754690;121.550;292;;;
2024-02-23 16:12:53;2024-02-23T15:12:53.397000Z;SE0015961909;2024-02-23 16:12:53;2024-02-23T15:12:53.397000Z;SEK;XSTO;XSTO;MONE;false;12-------PH---;000754689;121.550;30;;;
2024-02-23 16:12:53;2024-02-23T15:12:53.377000Z;SE0015961909;2024-02-23 16:12:53;2024-02-23T15:12:53.377000Z;SEK;XSTO;XSTO;MONE;false;12-------PH---;000754687;121.600;43;;;
2024-02-23 16:12:53;2024-02-23T15:12:53.377000Z;SE0015961909;2024-02-23 16:12:53;2024-02-23T15:12:53.377000Z;SEK;XSTO;XSTO;MONE;false;12-------PH---;000754686;121.600;382;;;
2024-02-23 16:12:53;2024-02-23T15:12:53.377000Z;SE0015961909;2024-02-23 16:12:53;2024-02-23T15:12:53.377000Z;SEK;XSTO;XSTO;MONE;false;12-------PH---;000754685;121.600;1;;;
2024-02-23 16:11:38;2024-02-23T15:11:38.850000Z;SE0015961909;2024-02-23 16:11:38;2024-02-23T15:11:38.850000Z;SEK;XSTO;XSTO;MONE;false;12-------PH---;000752725;121.650;294;;;
2024-02-23 16:11:12;2024-02-23T15:11:12.440000Z;SE0015961909;2024-02-23 16:11:12;2024-02-23T15:11:12.440000Z;SEK;XSTO;XSTO;MONE;false;12-------PH---;000752102;121.600;3;;;
2024-02-23 16:11:01;2024-02-23T15:11:01.427000Z;SE0015961909;2024-02-23 16:11:01;2024-02-23T15:11:01.427000Z;SEK;XSTO;XSTO;MONE;false;12-------PH---;000751846;121.650;495;;;
2024-02-23 16:10:26;2024-02-23T15:10:26.553000Z;SE0015961909;2024-02-23 16:10:26;2024-02-23T15:10:26.553000Z;SEK;XSTO;XSTO;MONE;false;12-------PH---;000750963;121.600;55;;;
2024-02-23 16:10:26;2024-02-23T15:10:26.553000Z;SE0015961909;2024-02-23 16:10:26;2024-02-23T15:10:26.553000Z;SEK;XSTO;XSTO;MONE;false;12-------PH---;000750962;121.600;700;;;
2024-02-23 16:10:26;2024-02-23T15:10:26.530000Z;SE0015961909;2024-02-23 16:10:26;2024-02-23T15:10:26.530000Z;SEK;XSTO;XSTO;MONE;false;12-------PH---;000750960;121.650;50;;;
2024-02-23 16:10:26;2024-02-23T15:10:26.530000Z;SE0015961909;2024-02-23 16:10:26;2024-02-23T15:10:26.530000Z;SEK;XSTO;XSTO;MONE;false;12-------PH---;000750959;121.650;403;;;
2024-02-23 16:10:26;2024-02-23T15:10:26.530000Z;SE0015961909;2024-02-23 16:10:26;2024-02-23T15:10:26.530000Z;SEK;XSTO;XSTO;MONE;false;12-------PH---;000750958;121.650;291;;;
2024-02-23 16:10:26;2024-02-23T15:10:26.530000Z;SE0015961909;2024-02-23 16:10:26;2024-02-23T15:10:26.530000Z;SEK;XSTO;XSTO;MONE;false;12-------PH---;000750957;121.650;270;;;
2024-02-23 16:10:04;2024-02-23T15:10:04.110000Z;SE0015961909;2024-02-23 16:10:04;2024-02-23T15:10:04.110000Z;SEK;XSTO;XSTO;MONE;false;12-------PH---;000750261;121.650;34;;;
2024-02-23 16:10:04;2024-02-23T15:10:04.110000Z;SE0015961909;2024-02-23 16:10:04;2024-02-23T15:10:04.110000Z;SEK;XSTO;XSTO;MONE;false;12-------PH---;000750260;121.650;721;;;
2024-02-23 16:10:04;2024-02-23T15:10:04.070000Z;SE0015961909;2024-02-23 16:10:04;2024-02-23T15:10:04.070000Z;SEK;XSTO;XSTO;MONE;false;12-------P----;000750258;121.700;75;;;
2024-02-23 16:10:04;2024-02-23T15:10:04.070000Z;SE0015961909;2024-02-23 16:10:04;2024-02-23T15:10:04.070000Z;SEK;XSTO;XSTO;MONE;false;12-------P----;000750257;121.700;100;;;
2024-02-23 16:10:04;2024-02-23T15:10:04.070000Z;SE0015961909;2024-02-23 16:10:04;2024-02-23T15:10:04.070000Z;SEK;XSTO;XSTO;MONE;false;12-------PH---;000750256;121.700;3;;;
2024-02-23 16:09:28;2024-02-23T15:09:28.350000Z;SE0015961909;2024-02-23 16:09:28;2024-02-23T15:09:28.350000Z;SEK;XSTO;XSTO;MONE;false;12-------PH---;000749150;121.750;248;;;
2024-02-23 16:09:28;2024-02-23T15:09:28.350000Z;SE0015961909;2024-02-23 16:09:28;2024-02-23T15:09:28.350000Z;SEK;XSTO;XSTO;MONE;false;12-------PH---;000749149;121.750;343;;;
2024-02-23 16:09:28;2024-02-23T15:09:28.350000Z;SE0015961909;2024-02-23 16:09:28;2024-02-23T15:09:28.350000Z;SEK;XSTO;XSTO;MONE;false;12-------PH---;000749148;121.750;755;;;
2024-02-23 16:09:26;2024-02-23T15:09:26.377000Z;SE0015961909;2024-02-23 16:09:26;2024-02-23T15:09:26.377000Z;SEK;XSTO;XSTO;MONE;false;12-------PH---;000749101;121.800;41;;;
2024-02-23 16:09:11;2024-02-23T15:09:11.093000Z;SE0015961909;2024-02-23 16:09:11;2024-02-23T15:09:11.093000Z;SEK;XSTO;XSTO;MONE;false;12-------PH---;000748661;121.750;359;;;
2024-02-23 16:09:08;2024-02-23T15:09:08.400000Z;SE0015961909;2024-02-23 16:09:08;2024-02-23T15:09:08.400000Z;SEK;XSTO;XSTO;MONE;false;12-------PH---;000748561;121.700;315;;;
2024-02-23 16:09:08;2024-02-23T15:09:08.400000Z;SE0015961909;2024-02-23 16:09:08;2024-02-23T15:09:08.400000Z;SEK;XSTO;XSTO;MONE;false;12-------PH---;000748560;121.700;406;;;
2024-02-23 16:09:08;2024-02-23T15:09:08.377000Z;SE0015961909;2024-02-23 16:09:08;2024-02-23T15:09:08.377000Z;SEK;XSTO;XSTO;MONE;false;12-------PH---;000748559;121.700;34;;;
2024-02-23 16:09:08;2024-02-23T15:09:08.377000Z;SE0015961909;2024-02-23 16:09:08;2024-02-23T15:09:08.377000Z;SEK;XSTO;XSTO;MONE;false;12-------PH---;000748558;121.700;55;;;
2024-02-23 16:09:08;2024-02-23T15:09:08.377000Z;SE0015961909;2024-02-23 16:09:08;2024-02-23T15:09:08.377000Z;SEK;XSTO;XSTO;MONE;false;12-------PH---;000748557;121.700;700;;;
2024-02-23 16:09:08;2024-02-23T15:09:08.330000Z;SE0015961909;2024-02-23 16:09:08;2024-02-23T15:09:08.330000Z;SEK;XSTO;XSTO;MONE;false;12-------PH---;000748556;121.750;651;;;
2024-02-23 16:09:08;2024-02-23T15:09:08.300000Z;SE0015961909;2024-02-23 16:09:08;2024-02-23T15:09:08.303000Z;SEK;XSTO;XSTO;MONE;false;12-------PH---;000748555;121.750;583;;;
2024-02-23 16:09:08;2024-02-23T15:09:08.300000Z;SE0015961909;2024-02-23 16:09:08;2024-02-23T15:09:08.303000Z;SEK;XSTO;XSTO;MONE;false;12-------PH---;000748554;121.750;771;;;
2024-02-23 16:09:08;2024-02-23T15:09:08.300000Z;SE0015961909;2024-02-23 16:09:08;2024-02-23T15:09:08.303000Z;SEK;XSTO;XSTO;MONE;false;12-------PH---;000748553;121.750;4;;;
2024-02-23 16:09:08;2024-02-23T15:09:08.300000Z;SE0015961909;2024-02-23 16:09:08;2024-02-23T15:09:08.303000Z;SEK;XSTO;XSTO;MONE;false;12-------PH---;000748552;121.750;511;;;
2024-02-23 16:09:08;2024-02-23T15:09:08.300000Z;SE0015961909;2024-02-23 16:09:08;2024-02-23T15:09:08.303000Z;SEK;XSTO;XSTO;MONE;false;12-------PH---;000748551;121.750;700;;;
2024-02-23 16:09:08;2024-02-23T15:09:08.300000Z;SE0015961909;2024-02-23 16:09:08;2024-02-23T15:09:08.303000Z;SEK;XSTO;XSTO;MONE;false;12-------PH---;000748550;121.750;337;;;
2024-02-23 16:09:08;2024-02-23T15:09:08.300000Z;SE0015961909;2024-02-23 16:09:08;2024-02-23T15:09:08.303000Z;SEK;XSTO;XSTO;MONE;false;12-------PH---;000748549;121.750;168;;;
2024-02-23 16:07:40;2024-02-23T15:07:40.123000Z;SE0015961909;2024-02-23 16:07:40;2024-02-23T15:07:40.123000Z;SEK;XSTO;XSTO;MONE;false;12-------PH---;000746228;121.800;357;;;
2024-02-23 16:07:40;2024-02-23T15:07:40.123000Z;SE0015961909;2024-02-23 16:07:40;2024-02-23T15:07:40.123000Z;SEK;XSTO;XSTO;MONE;false;12-------PH---;000746227;121.800;398;;;
2024-02-23 16:07:38;2024-02-23T15:07:38.820000Z;SE0015961909;2024-02-23 16:07:38;2024-02-23T15:07:38.820000Z;SEK;XSTO;XSTO;MONE;false;12-------PH---;000746202;121.800;302;;;
